3028 4900
330 265 393 332 lto
678 275 838 326 nrcrros
862 269 1067 324 crenrunsts

329 425 511 505 quonium·
526 419 653 502 qnippe
669 417 728 500 qui
743 420 788 480 ob
804 433 947 480 amorem
964 413 1108 496 cuptivoe
1123 409 1288 487 mulieris,
1304 431 1419 494 seque,

328 529 375 598 et,
390 521 482 604 quod
496 519 758 602 indignissimum
773 516 947 591 videretur,
960 515 1043 578 tanti
1057 511 1200 577 numinis
1214 512 1328 576 Deum
1339 531 1419 576 eon·

329 621 446 686 temtni
474 619 662 684 habuisset:
694 637 734 682 sc
763 633 845 678 mox
875 613 1019 678 universi
1048 611 1196 675 execrati
1218 609 1419 686 deseruere,⁸

330 724 374 784 ob
388 719 505 802 idque³
527 725 564 783 et
581 735 741 783 memores
757 712 961 789 Palamedis,
975 729 1072 796 quern
1088 717 1216 792 gratum
1230 717 1419 795 acceptum-

330 839 394 902 que
409 821 444 884 in
458 818 621 892 exercitu,
643 815 732 880 hsud
757 814 829 878 sine
852 812 994 876 consilio
1017 812 1102 894 ejus,
1120 808 1300 874 Diomedes
1318 818 1418 892 utque

330 917 474 1002 Ulysses
496 917 574 980 dolo
596 916 852 979 circumventum
875 911 1095 976 necavissent.
1136 909 1289 974 Ceterum
1305 909 1419 974 Achil-

330 1017 381 1082 les
394 1020 428 1082 in
442 1037 498 1082 ore
508 1017 653 1082 omnium
663 1011 854 1097 ipsumqueb
863 1021 899 1076 et
908 1011 1099 1076 Menelaum
1109 1010 1318 1076 contumeliis
1331 1010 1419 1074 lece·

329 1119 438 1182 rabat.
465 1117 551 1200 [bin]
565 1115 672 1198 Igitur
686 1114 830 1195 Chryses
845 1113 903 1176 nbi
913 1111 1065 1194 injuriam
1080 1127 1261 1192 perpessus
1274 1112 1319 1173 ab
1329 1109 1421 1192 Agu-

331 1235 506 1282 memnone
527 1217 663 1280 domum
690 1212 873 1290 discessit,4
893 1229 1002 1295 neque
1024 1209 1118 1274 multi
1141 1208 1308 1272 fluxerunt
1332 1210 1420 1286 dies,

332 1317 494 1382 incertum
504 1315 613 1379 stione
629 1331 722 1388 cusu,
737 1329 792 1388 en,
805 1311 856 1373 uti
869 1310 1022 1374 omnibns
1033 1307 1218 1385 videbatur,
1228 1307 1278 1370 ire
1288 1305 1421 1390 Apolli·

331 1417 395 1490 nis,
408 1416 544 1478 morbus
560 1411 775 1492 gravissimus
788 1409 969 1474 exercitum
983 1407 1133 1484 invedit,⁵
1148 1407 1316 1490 principio
1331 1427 1421 1494 gras-

332 1512 428 1576 sendi
443 1511 532 1574 iacto
543 1529 565 1574 a
577 1509 753 1593 pecoribus
761 1517 785 1572 ι·
800 1508 898 1572 dein⁶
912 1509 1000 1573 malo
1013 1507 1173 1591 paulatim
1184 1508 1290 1588 mugis
1302 1509 1422 1590 magis·

333 1629 399 1693 que
413 1609 668 1690 ingravescente,
686 1625 744 1690 per
757 1607 910 1671 homines
924 1607 1131 1690 dispergitur.
1173 1605 1260 1670 Tum
1275 1627 1356 1670 vero
1370 1609 1421 1671 vis

332 1727 456 1791 mugna
470 1707 655 1774 mortalium
672 1707 865 1790 semoribus
879 1708 1024 1789 fatigabo
1039 1706 1199 1789 pestilera
1214 1708 1420 1787 egritudine,

333 1808 468 1874 infando
483 1807 527 1872 ad
540 1815 739 1890 postremum
754 1807 862 1871 exitio
875 1797 1057 1871 interibat?
1089 1806 1155 1871 Sed
1167 1825 1278 1887 regum
1289 1811 1420 1872 omnino

334 1907 468 1984 nullus,‘¹
490 1926 597 1990 neque
619 1912 764 1970 mortuus
779 1923 844 1980 ext
867 1905 929 1969 boe
950 1906 1079 1982 morbo,
1095 1924 1202 1990 neque
1218 1912 1422 1972 attentatus⁷

334 2012 398 2070 est.
443 2005 596 2070 Ceterum
626 2013 805 2088 postquem
831 2005 940 2068 nullus
968 2007 1076 2070 morbi
1102 2006 1232 2082 modus,
1257 2013 1291 2070 et
1315 2006 1422 2072 indies
1445 2071 1449 2080 ,

333 2107 459 2190 plnres·
476 2105 663 2182 interibant,
675 2107 785 2169 cunuti
800 2105 916 2181 duces,
930 2123 1092 2168 converso
1101 2105 1173 2187 jem
1187 2107 1220 2168 in
1237 2125 1272 2169 se
1281 2108 1422 2189 quisque

334 2208 461 2284 timore,
476 2207 510 2270 in
526 2225 626 2269 unum
641 2205 783 2270 coeunt:
805 2224 846 2268 ac
860 2205 937 2268 dein
951 2204 1098 2288 flagitare
1112 2205 1308 2282 Calchanta,
1324 2195 1424 2290 quem

789 2348 966 2370 ”cuonone

334 2432 349 2478 S
378 2429 515 2479 Omittitnr
540 2429 634 2478 sonnis
660 2443 703 2492 pse
722 2427 748 2476 in
766 2429 910 2492 Delpb.-l
936 2428 1030 2492 Delplr.
1051 2429 1158 2479 discessit
1176 2432 1279 2490 mest,
1308 2437 1337 2479 et
1368 2445 1424 2481 ntor

328 2491 511 2554 fiacense—5
543 2492 637 2555 Delpb.
674 2492 822 2541 inserit—d
849 2491 943 2554 Delpb.
973 2493 1114 2541 deinde-⁶
1141 2493 1235 2554 Delpb.
1269 2493 1426 2543 interibat.—

334 2564 346 2610 t
359 2557 456 2622 Delph.
467 2571 516 2606 om.
528 2571 559 2606 ee
566 2572 576 2614 ,·
593 2568 652 2605 ruox
662 2553 725 2619 legit
736 2557 910 2606 interesse—t
924 2555 1186 2620 resipiscentes-e
1198 2557 1293 2620 Delpb.
1304 2559 1425 2608 edisseret.

828 2700 935 2750 NOTAE

332 2776 421 2826 ‘edire
441 2779 570 2840 aliquem!
612 2781 675 2829 Ter.
695 2779 765 2848 And.
784 2793 816 2828 rr.
837 2786 859 2830 t.
900 2780 1001 2843 Dictys.
1029 2780 1062 2828 lit
1074 2792 1160 2827 serurn
1172 2783 1212 2826 est
1226 2777 1361 2829 dructorem
1373 2779 1425 2829 uul-

333 2847 420 2898 ‘Quid
432 2849 479 2896 tim
492 2851 612 2899 ridetur?
629 2852 718 2899 sdeou'
730 2853 763 2899 sd
775 2854 859 2900 euru?
899 2855 951 2902 turn
969 2867 998 2901 es
1017 2853 1154 2902 interiisse.
1189 2851 1321 2902 Homeros
1342 2863 1424 2902 temen

364 2926 379 2953 ⁸
393 2921 536 2983 Deseruere]
562 2924 620 2972 lloc
631 2937 664 2972 err
675 2938 702 2972 ss
714 2924 778 2974 dicit
798 2927 859 2975 Dic·
898 2925 989 2975 scribit
1000 2940 1056 2973 esur
1067 2925 1157 2973 beross
1168 2923 1263 2973 multos
1272 2927 1344 2976 Oreo
1353 2927 1426 2976 dimi-

335 3002 386 3059 tys,
398 3002 425 3045 et
436 3003 529 3046 oontrs
541 2997 647 3046 Homer.
897 3001 971 3050 sisse.
1003 2997 1101 3048 nonnis
1117 2999 1137 3046 t·
1155 2996 1262 3059 ἰφθίμους
1282 3000 1364 3062 pexis
1382 3001 1427 3049 bur

364 3071 529 3134 '’lpssssqrse]
546 3073 771 3135 Agamemnonem.
898 3073 1011 3136 προΐαψεν
1019 3073 1120 3136 ‘rieden
1149 3071 1264 3122 ‘Multss
1275 3081 1363 3124 sutem
1375 3075 1426 3124 ier·

364 3151 375 3178 ⁶
394 3145 516 3210 Principio
530 3147 657 3209 ςτωαιᾱί
669 3147 737 3207 seete
747 3163 763 3195 u
772 3149 860 3210 pecori·
901 3154 940 3198 tes
953 3149 1049 3198 suimus
1060 3147 1165 3197 Plutoni
1180 3146 1276 3196 dimisit
1290 3147 1426 3200 Heroum!

331 3217 386 3282 bes]
404 3221 444 3269 Ex
456 3222 587 3272 Homero:
604 3222 695 3285 οὐρῆας
709 3221 753 3282 μὲν
770 3225 861 3284 πρῶτον
900 3223 952 3272 Sed
973 3231 1086 3272 mortuos
1107 3221 1164 3272 illos
1186 3221 1312 3270 Homerus
1336 3223 1427 3272 heroes

332 3289 454 3350 erexero,
466 3293 504 3338 sel
515 3292 586 3340 κέναι
596 3295 691 3355 inser,
699 3295 778 3355 sbrie
788 3297 861 3344 terr?
901 3296 976 3356 dicit,
991 3303 1020 3344 nt
1038 3309 1069 3344 eo
1088 3295 1217 3356 ostendet,
1235 3294 1344 3345 Achillis
1361 3299 1427 3348 irsm

332 3365 426 3410 ert-rotet
443 3361 515 3417 alm
532 3365 658 3424 ἐχεπευκὲς
674 3366 757 3425 ἀφιεὶς,
777 3367 861 3416 Brinx·
902 3369 1002 3418 Grecis
1013 3369 1185 3419 exitiosiorsrn
1196 3369 1283 3428 titisse,
1293 3385 1342 3434 per
1350 3388 1426 3437 quam

333 3434 379 3483 alei
401 3433 428 3484 tl
448 3435 517 3498 supet
539 3436 626 3485 eredes
647 3437 741 3486 salom
762 3442 861 3500 θαμειαί.
901 3447 941 3491 tot
952 3443 1013 3492 viris
1025 3441 1170 3493 fortissimis
1178 3444 1260 3493 osbati
1272 3453 1340 3495 suot.
1374 3449 1426 3498 liic

332 3510 438 3560 ‘Mulos
460 3509 564 3574 quidem
587 3511 694 3574 primum
713 3513 816 3575 invasit,
834 3522 862 3564 et
899 3515 970 3565 locus
991 3516 1098 3566 Homeri
1119 3519 1195 3580 volgo
1215 3520 1280 3566 male
1302 3531 1425 3585 suceptus

332 3599 410 3636 canes
428 3585 541 3646 veloces,
565 3585 618 3634 Sed
638 3591 730 3649 postas
745 3587 770 3635 iu
789 3587 859 3651 ipsos
899 3595 947 3636 est.
974 3591 1067 3654 Neque
1078 3595 1156 3641 etiam
1169 3594 1254 3654 placet
1265 3597 1334 3658 qrrud
1350 3598 1426 3646 babet

332 3660 448 3711 homines
460 3659 581 3722 sagittam
593 3659 754 3710 mortiferam
767 3662 860 3712 immit-
898 3665 1017 3715 Eurtstb.
1038 3667 1148 3725 scilieet,
1173 3669 1311 3718 Homerum
1332 3673 1424 3723 beross

333 3743 392 3785 tens
399 3733 573 3800 jaculabatur.
596 3735 801 3798 temperantem
816 3753 860 3802 py-
898 3738 955 3787 illos
974 3741 1076 3804 dixisse,
1091 3742 1160 3804 ¹qnod
1181 3757 1228 3806 pro
1246 3743 1330 3806 pstris
1349 3761 1428 3797 oeen-

336 3823 373 3857 roe
394 3815 552 3858 mertuorum
577 3810 783 3862 incendebantur
807 3812 859 3863 fre·
901 3813 1011 3865 bucriut.

339 3883 469 3945 quenterss
932 3890 1040 3940 ‘indies
1056 3889 1146 3953 plures]
1183 3893 1235 3942 Per
1254 3905 1346 3943 novem
1370 3896 1425 3946 dies

366 3956 379 3988 ‘¹
395 3957 443 4005 ded
458 3969 539 4016 regens
555 3959 647 4006 smsiso
664 3960 753 4023 selles]
770 3960 800 4010 ln
813 3976 859 4025 po·
899 3974 998 4030 pestem
1011 3976 1158 4032 grassatam,
1170 3971 1260 4021 scribit
1272 3971 1380 4024 Homer.

336 4028 421 4086 pulum
443 4036 541 4080 tsntunr
561 4041 660 4094 pestem
680 4037 802 4100 serviisse,
822 4039 859 4088 sit
1251 4059 1255 4064 '
