3052 4900
1097 183 1114 214 R

384 299 432 344 nn
456 297 584 346 nxcrn.
606 301 732 350 rnorm
755 304 903 355 nrsron.
1115 292 1174 360 821

99 536 229 618 plurimi
244 538 466 616 vulnerantur,
481 539 613 621 plurimi
628 542 661 605 in
676 542 845 604 curatione
856 545 1045 612 moriuntur.
1073 549 1179 634 ,Aga-

99 655 252 700 memnon
274 639 375 702 mittit
397 639 440 704 ad
463 641 632 709 Priamum
653 643 794 722 legatos,
818 647 857 705 nt
877 641 1027 708 inducias
1047 650 1180 734 triginta

66 817 68 824 Ι
100 735 223 799 dierum
242 739 423 820 postulent,
447 747 484 805 ut
508 741 665 816 funerare,
682 749 832 806 mortuus
862 743 984 825 possit.
1029 746 1179 814 Priamus
1259 776 1261 782 ·

100 838 248 901 consulto
263 821 358 916 iacit,
380 842 568 924 annuitque.
613 842 696 925 [24]
718 842 765 906 At
780 843 836 906 ubi
848 851 979 924 tempus
993 863 1112 926 pugnae
1126 867 1191 910 sur

98 937 269 1019 pervenit;
290 938 528 1006 Andromacha
542 962 630 1006 uxor
644 945 806 1008 Hectoris
821 944 854 1007 iu
877 945 1000 1008 somnis
1020 943 1118 1022 vidit,
1140 966 1182 1010 ne

99 1037 227 1102 Hector
241 1039 276 1102 in
290 1061 435 1124 pugnam
451 1043 668 1125 procederet:
691 1050 725 1107 et
748 1063 824 1106 curn
846 1044 891 1108 ad
911 1065 985 1110 eum
1003 1045 1116 1108 risum
1131 1065 1183 1110 re·

98 1137 204 1216 ferret,
220 1141 349 1204 Hector
370 1142 543 1205 muliebria
556 1142 660 1206 verba
675 1136 807 1206 abicit*
832 1133 834 1138 ’
850 1141 1086 1209 Andromacha
1100 1166 1182 1210 moe·

99 1245 156 1302 ste·
166 1241 210 1304 ad
230 1241 400 1304 Priamum
414 1241 516 1316 misit,
531 1246 569 1303 ut
583 1241 632 1303 illi
646 1242 817 1322 prohibeat
830 1261 872 1304 ne
886 1263 929 1306 ea
944 1244 998 1306 die
1013 1254 1184 1327 pugnaret.

97 1339 249 1403 Priamus
260 1340 436 1415 Helenum,
447 1339 857 1420 Alexandrum,Troilum,
866 1344 1064 1421 AEneam,et
1076 1345 1186 1410 Mem-

72 1488 73 1492 ,
97 1431 212 1502 nonem
232 1439 328 1520 jubet
350 1442 489 1518 accersi,
512 1451 551 1505 ut
564 1442 614 1504 iili
634 1443 668 1506 in
682 1462 826 1525 pugnam
842 1444 1031 1525 prodirent:
1054 1446 1087 1509 in
1102 1465 1185 1528 pug-

97 1559 172 1602 nem
203 1540 305 1602 misit.
349 1540 480 1604 Hector
503 1547 539 1604 ut
560 1541 627 1605 ista
656 1543 828 1622 coguovit,
849 1543 987 1607 multum
1011 1545 1186 1629 increpans

98 1639 377 1724 Andromacham,
393 1661 485 1704 arma
500 1648 537 1706 ut
551 1642 710 1724 proferret
720 1644 888 1725 poposcit,
899 1663 961 1707 uec
969 1644 1104 1708 retineri
1115 1645 1186 1710 ullo

41 1787 43 1798 ,
98 1741 197 1803 modo
211 1741 334 1822 potuit.
377 1740 506 1804 Moesta
522 1739 756 1805 Andromacha
771 1743 959 1804 summissis
974 1743 1108 1823 capillis
1120 1743 1186 1810 As·
1226 1791 1231 1804 .

98 1845 282 1922 tyauactem
308 1841 413 1905 filium
438 1837 662 1925 protendensd
690 1829 766 1904 ¹ante
795 1841 896 1922 pedes
927 1841 1084 1905 Hectoris
1111 1861 1186 1906 eum

97 1957 253 2004 revocare
269 1961 337 2006 non
348 1943 467 2026 potuit.
511 1942 608 2005 Tunc
624 1943 760 2024 planctu
775 1941 917 2004 femineo
932 1941 1093 2023 oppidum
1108 1945 1187 2005 con·

98 2041 194 2120 citat,
213 2043 256 2105 ad
278 2043 449 2106 Priamum
471 2043 507 2105 in
525 2043 650 2124 regiam
665 2043 778 2117 currit,
799 2041 896 2104 refert
910 2041 992 2123 quid
1007 2043 1042 2104 in
1060 2043 1186 2105 somnis

96 2131 226 2217 viderit,
252 2149 286 2208 et
311 2143 493 2216 Hectorem
517 2142 605 2206 velle
627 2143 662 2205 in
684 2161 825 2224 pugnam
850 2140 992 2222 prodire,
1009 2161 1071 2204 nec
1086 2160 1187 2224 posse

94 2240 248 2321 projecto
273 2241 316 2303 ad
340 2261 448 2324 genua
471 2242 542 2307 filio
569 2261 630 2306 suo
651 2241 810 2305 revocari.
854 2239 1009 2304 Priamus
1024 2260 1137 2304 omnes
1151 2241 1187 2304 in

94 2357 243 2422 pugnam
258 2340 388 2422 prodire
396 2338 509 2423 ju'ssit,
524 2347 558 2406 et
571 2341 750 2405 Hectorem
760 2341 904 2404 retinuit.
948 2339 1188 2422 Agamemnon,

97 2441 293 2520 Diomedes,
309 2441 468 2519 Achilles,
483 2441 574 2523 Ajax
586 2441 732 2514 Locrus,
746 2446 781 2503 ut
795 2440 907 2504 videre
922 2441 1107 2503 Hectorem
1121 2459 1187 2505 nou

96 2541 260 2622 prodisse,
271 2543 392 2606 acriter
404 2547 640 2625 pugnaverunt,
650 2539 842 2622 multosque
853 2541 956 2604 duces
966 2539 1187 2621 Trojanorum

97 2641 304 2706 occiderunt.
348 2644 488 2717 Hector,
499 2646 539 2703 ut
555 2641 685 2703 audivit
699 2640 875 2702 tumultum
891 2639 1044 2716 tubello,
1066 2645 1100 2704 et
1115 2640 1187 2702 sine

98 2760 133 2806 se
148 2742 317 2825 Trojanos
331 2722 495 2818 lanciare,
509 2739 658 2822 prosiliit
676 2739 710 2800 in
725 2738 861 2800 bellum.
905 2737 1092 2820 Statimque
1107 2739 1187 2803 Eio·
1211 2767 1215 2774 ·

97 2861 194 2908 neum
223 2844 425 2920 obtruncat,⁸
454 2841 631 2924 Iphinoum
660 2833 805 2901 sauciatf
832 2837 1012 2902 Leonteum
1038 2840 1188 2917 occidit,⁸

555 3014 732 3035 oum

130 3121 146 3164 3
162 3116 242 3166 Duces
261 3115 405 3180 velpa-⁴·
421 3114 512 3177 Alitcr't
522 3113 620 3179 Delph.

595 3256 701 3306 NO'PAE

129 3349 625 3418 *Aapmmmfittumprotmrenr]ffie
665 3343 1069 3419 tioneTroJaua‚uulliurEiouei
1083 3357 1185 3407 nsquam
1230 3393 1232 3401 ,

98 3428 185 3477 Dares
197 3428 339 3491 conjungit,
348 3442 408 3492 quar
424 3429 553 3476 Homerus
569 3439 625 3475 nar·
664 3423 819 3474 mentionem
842 3423 919 3470 ullam
944 3418 1044 3470 factam
1063 3418 1187 3467 inveniar·

99 3504 168 3552 ravit
187 3503 219 3552 11.
234 3507 266 3550 x.
283 3508 311 3551 et
330 3503 402 3551 iniis
421 3501 625 3566 etiamquredam
665 3500 726 3549 Fuit
746 3498 850 3563 quidem
872 3497 984 3546 Eioneur
1005 3494 1083 3544 Rhesi
1105 3499 1188 3557 pater,

97 3577 225 3626 immutat.
257 3576 386 3626 Homerus
397 3577 474 3640 euim,
485 3577 518 3626 ll.
528 3583 555 3625 z.
572 3576 626 3625 Au·
666 3574 711 3624 red
722 3574 744 3622 ir
754 3573 837 3636 'l'rojae
846 3585 898 3622 non
909 3571 998 3632 effurit3
1022 3577 1049 3618 et
1065 3569 1086 3618 ri
1102 3565 1187 3617 affuis-

99 3647 264 3700 dromacham
276 3650 385 3710 inducit,
395 3665 452 3698 cum
461 3652 568 3713 purrulo
576 3650 626 3699 As·
665 3658 715 3713 set,
733 3649 901 3712 Trojanorurn
923 3653 1010 3711 parter
1030 3651 1134 3696 secutus
1147 3657 1188 3693 er-

99 3729 223 3788 tyruacte
233 3725 376 3773 Hectorem
386 3715 580 3785 deprecantem,
591 3737 625 3772 ue
665 3729 712 3774 ret.

99 3798 126 3848 iu
137 3815 250 3863 pugnam
262 3799 385 3863 prodiret.
409 3799 454 3858 Et,
464 3799 496 3846 Il.
507 3803 537 3848 X.
551 3799 624 3846 Pria·
696 3795 955 3858 ‘Iphinoumruueicfl
979 3796 1030 3846 Sed
1046 3792 1188 3846 Homerum¹

98 3889 171 3924 muru
182 3876 367 3940 Hecubemque
378 3873 517 3938 prohibere
527 3873 625 3922 Hecto·
665 3885 721 3922 eum
732 3883 748 3917 a
759 3871 860 3918 Glauco
870 3869 981 3918 occisum
993 3869 1067 3934 dicit,
1075 3874 1131 3937 ipro
1142 3873 1189 3922 ini·

99 3963 157 3998 rem
174 3953 328 4008 annitentes,
347 3965 379 3999 ne
389 3954 488 4000 -coutra
498 3945 625 3998 Achillem
665 3948 702 3996 tio
714 3945 787 3992 llll.

99 4024 267 4087 procederet,
608 4040 610 4046 .
697 4029 709 4063 r
735 4018 863 4066 Leuctram
882 4015 979 4078 oceidit]
1013 4019 1053 4066 Ex
1073 3987 1187 4084 Homero

133 4107 145 4131 0
164 4097 420 4159 Eioneumobtruucrt]
437 4093 627 4160 Atluexpedi·
666 4093 756 4142 fulsum
782 4099 842 4153 ειη
869 4092 922 4157 qui,
943 4093 1186 4154 pesrtutererntum

166 4179 257 4242 Delplr.
267 4185 290 4228 et
305 4181 362 4230 Ver.
374 4180 438 4228 car.
569 4176 640 4224 nter.
653 4175 717 4224 Cret.
727 4177 767 4237 ⁸5⁶·
1098 4175 1123 4222 X
