3036 4918
320 283 365 348 ιιι
585 297 662 346 sno.
685 295 875 346 ιιιιιιοιιιι
901 295 1148 348 ιιιιιιιιιιιιο

320 439 526 520 antiquitatis
540 457 611 502 suae
624 437 717 503 daret
731 439 919 521 scriptioni:
940 457 1049 504 earnm
1065 445 1172 504 antem
1187 442 1350 511 rationem
1365 448 1398 512 in

319 541 462 620 linguam
489 541 710 622 antiquissimi
736 543 907 622 temporis,
932 548 967 605 ut
987 541 1085 624 plane
1107 543 1275 620 incertam,
1299 548 1402 612 voluit

318 638 502 705 referrebec
517 640 743 716 excusatione,
758 658 836 721 qum
850 647 959 706 tamen
976 643 1053 724 ipsa
1066 643 1174 722 magis
1188 645 1306 710 iterum
1329 648 1401 713 ido·

317 757 381 802 nea
399 740 508 804 estad
529 737 704 814 docendos,
728 757 795 802 non
816 739 950 823 Trojani
976 744 1136 824 temporis
1158 744 1317 826 homines,
1342 751 1399 814 sed

317 837 414 922 longe
427 839 638 922 posteriores,
651 857 737 920 quos
752 841 879 922 antiqui
894 843 1038 907 moriset
1051 843 1172 926 linguae
1187 847 1319 927 ignorum
1332 869 1398 914 non

315 939 389 1004 vult
403 938 551 1004 ‘mirari’
565 957 659 1004 suam
674 937 931 1006 baesitetionem.

359 1055 503 1104 xxvrrr.
526 1041 680 1122 Denique
701 1045 738 1103 nt
759 1040 941 1114 absolvam,
956 1044 1010 1106 cni
1032 1063 1097 1107 non
1117 1052 1312 1129 suspectum
1327 1053 1397 1130 erit,

315 1142 373 1222 qni
388 1141 529 1204 animum
546 1138 695 1203 attendet
714 1140 851 1204 anxium
876 1140 956 1204 illud
978 1149 1012 1206 et
1027 1147 1202 1224 quoesitnm
1220 1149 1308 1215 adeo
1328 1159 1397 1222 stu·

314 1241 404 1306 dium
429 1240 588 1305 reddendi
605 1242 707 1304 toties
719 1241 893 1315 rationem,
909 1242 997 1305 unde
1019 1243 1092 1308 baec
1108 1247 1218 1311 omnia
1231 1268 1396 1331 cognove-

312 1341 379 1404 ritl
425 1341 532 1404 Etiam
550 1341 648 1422 vulgo
662 1339 776 1417 fertur,
787 1359 861 1417 eus,
875 1343 931 1422 qni
948 1361 984 1404 se
1000 1343 1147 1408 studiose
1167 1349 1264 1414 nimis
1277 1351 1395 1416 identi-

312 1440 385 1503 dem
401 1449 579 1516 esonsant,
590 1441 684 1522 ipsus
698 1461 735 1504 se
750 1459 920 1506 accusare.
965 1443 1019 1506 lta
1034 1463 1110 1508 vero
1122 1457 1299 1529 suspectus
1314 1475 1395 1539 quo·

311 1557 376 1622 qno
390 1545 439 1603 est
453 1539 549 1604 malae
564 1538 653 1616 tid'ei,
668 1559 725 1621 qur
717 1541 865 1604 'solicite
877 1541 962 1605 adeo
976 1561 1069 1606 snam
1081 1545 1180 1611 tidem
1197 1551 1295 1616 toties
1309 1575 1395 1638 praa·

310 1639 401 1706 dicat
421 1647 454 1704 et
475 1639 692 1716 commendat,
713 1645 750 1703 ut
765 1641 891 1705 Noster
904 1642 987 1706 facit
1001 1645 1171 1710 minimum
1186 1655 1237 1714 ter
1252 1671 1297 1716 ex
1317 1675 1395 1737 pro·

308 1743 428 1806 sesso
419 1761 454 1806 ιιι
475 1743 598 1822 exigno
620 1739 682 1804 boc
703 1741 830 1817 libello,
844 1743 1017 1809 inculcans
1039 1746 1218 1814 identidem
1232 1771 1269 1816 se
1293 1754 1393 1822 inter·

307 1843 412 1906 inisse
425 1845 524 1907 rebus
546 1843 660 1923 gestis,
676 1842 767 1924 quod
782 1860 879 1906 nemo
902 1851 992 1921 tnnc,
1016 1846 1050 1908 in
1070 1849 1181 1928 patria
1205 1861 1293 1916 certe
1307 1855 1391 1939 ejus,

307 1941 455 2020 ignorare
469 1942 641 2021 potuisset.
685 1939 772 2004 Vide
790 1957 814 2002 ι.
835 1943 887 2007 13.
904 1959 938 2005 v.
952 1944 1004 2008 17.
1021 1961 1070 2007 ιι.
1085 1947 1137 2010 10.
1181 1950 1249 2014 Sed
1271 1959 1305 2018 et
1324 1957 1390 2021 buc

307 2039 378 2102 sine
389 2038 491 2104 dubio
505 2057 672 2122 aspersum
685 2047 740 2104 est
749 2043 845 2106 unice
860 2044 904 2107 ad
915 2045 1103 2111 faciendam
1117 2067 1205 2114 nuru
1216 2060 1249 2119 et
1264 2075 1391 2139 suppo·

305 2139 371 2203 sito
386 2141 492 2221 operi,
499 2145 573 2204 tam
589 2139 718 2221 antiqui
732 2143 889 2219 auctoris,
903 2143 999 2224 cnjns
1014 2163 1130 2208 nomen
1153 2166 1223 2229 prae
1247 2171 1284 2218 se
1305 2155 1390 2220 fere.

304 2238 375 2313 bat,
391 2239 502 2320 fidem,
520 2239 677 2317 speciem,
693 2242 982 2302 etauctoritatem.

317 2349 464 2396 ..xxix
470 2333 575 2406 Quis
591 2351 667 2411 ergo
690 2352 788 2396 verus
810 2336 907 2398 istius
931 2339 1082 2406 bisturiue
1106 2353 1221 2413 anctor
1235 2351 1344 2434 inerit,
1359 2361 1391 2422 si

304 2431 380 2514 quis
394 2449 447 2494 me
461 2437 563 2510 roget,
580 2448 641 2510 ego
656 2435 733 2492 vero
746 2431 804 2494 vix
819 2432 936 2497 dubito
937 2439 1041 2518 ,quin
1055 2441 1218 2506 ‘Praxis’
1236 2447 1292 2511 ille
1307 2454 1390 2520 Cre.

303 2529 418 2608 tensis,
430 2528 508 2594 vel‘
521 2529 752 2611 Eupraxius:
771 2534 828 2614 qni
843 2533 1004 2598 ‘Neroni'
1020 2538 1118 2603 besee
1132 2540 1236 2606 libros
1251 2549 1388 2634 obtulit,

299 2650 363 2696 eos
384 2633 486 2697 otiam
504 2631 742 2713 composuerit
787 2632 847 2696 llle
869 2635 969 2712 enim,
984 2656 1059 2702 cum
1082 2641 1182 2704 sciret
1205 2644 1386 2733 Neronem,

301 2733 499 2814 principem,
509 2727 736 2804 vanissimum,
758 2731 890 2798 Groecis
906 2738 1032 2802 artibus
1052 2747 1086 2802 et
1108 2740 1230 2808 sabulis
1244 2748 1385 2818 mirifice

301 2830 457 2902 deditum,
484 2828 612 2888 videtur
637 2827 808 2892 historiam
832 2833 916 2896 hane
932 2853 973 2896 eo
990 2838 1100 2900 animo
1115 2845 1233 2920 partim
1257 2847 1299 2911 de
1315 2870 1382 2916 suo
1502 2875 1506 2884 ·

299 2927 448 2995 tinxisse,
462 2923 553 3008 (nam
576 2925 680 2988 multa
700 2929 850 3006 profecto
875 2931 975 2996 habet
988 2954 1120 3016 prorsus
1143 2942 1356 3029 singularias
1346 2973 1381 3016 ιιι

300 3025 445 3108 qnibns'
436 3026 502 3107 ipsi
520 3043 582 3106 ego
597 3035 685 3092 certe
698 3027 782 3090 haud
799 3032 937 3094 multum
953 3034 1030 3098 fidei
1045 3039 1214 3106 tribuerim
1216 3042 1243 3126 ,)
1256 3051 1378 3129 partim

298 3144 341 3188 ox
367 3126 476 3208 po'dtis
499 3133 602 3207 atque
626 3127 701 3190 aliis
729 3130 947 3212 scriptoribus
970 3138 1113 3220 antiquis
1139 3143 1379 3225 collegissent

298 3224 426 3286 Neroni
438 3230 509 3286 enm
521 3225 657 3303 offerret,
668 3234 704 3289 et
715 3228 762 3291 ita
777 3249 798 3294 a
813 3233 953 3314 prodigo
968 3242 1001 3298 et
1016 3240 1139 3303 stolido
1154 3242 1287 3310 bomine
1305 3247 1377 3313 lau-

297 3329 366 3394 tum
381 3331 635 3402 consequeretur
656 3329 839 3406 praemium.
882 3331 984 3410 Quod
1002 3343 1035 3400 et
1057 3339 1104 3402 ita
1130 3344 1253 3408 evenit.
1285 3347 1374 3414 Nam

295 3439 369 3483 uum
380 3419 686 3488 NeroinAcbaiem
698 3429 844 3493 venisset
845 3437 1144 3514 ,opportunissimo
1155 3447 1374 3526 temporeboo

295 3538 383 3601 opus
399 3521 441 3586 ad
457 3542 533 3586 enm
549 3523 677 3600 detulit,
690 3536 721 3589 et
736 3527 885 3607 plurimis
900 3533 942 3594 ab
957 3535 1014 3596 illo
1026 3541 1372 3610 muaeribnsvicissim
1430 3599 1431 3604 1
1507 3509 1508 3548 ἲ

295 3618 437 3684 donatus
459 3621 589 3694 dicitur
634 3623 758 3688 Veram
778 3635 814 3692 ut
827 3631 1106 3700 existimationem
1127 3643 1218 3722 operi
1239 3650 1271 3707 et
1294 3665 1372 3710 auc·

293 3721 458 3785 toritatem
473 3720 645 3798 adderet,
630 3723 712 3788 lecit
734 3728 824 3808 quod
840 3729 980 3794 artifices
996 3741 1070 3798 tnnc
1084 3737 1193 3804 facere
1210 3743 1369 3823 solebant,

292 3818 407 3895 quint
425 3820 568 3900 pretium
592 3824 746 3904 oporibus
766 3829 864 3891 novis
894 3837 928 3893 et
953 3835 1024 3896 suis
1044 3838 1152 3920 majus
1173 3830 1367 3920 invenirent,

292 3913 475 3982 Praxitelis
490 3925 549 3983 ant
565 3921 714 4005 Myronis
728 3945 846 3990 nornen
862 3929 904 3992 iis
919 3932 1153 4014 inscribebant,
1165 3946 1249 4004 teste
1271 3925 1367 4004 Pnae-

289 4009 362 4082 dro,
396 4015 519 4083 Eadem
536 4040 611 4102 ergo
627 4027 751 4090 ratione
765 4033 797 4092 et
819 4031 874 4094 ille
896 4032 1037 4116 Dictyos
1061 4037 1232 4104 Cretensis
1247 4061 1367 4106 nomen
