3028 4900
512 339 630 390 SGENA
656 341 806 393 skulun.
1157 337 1199 401 91

107 494 264 553 suaserat
281 487 446 563 Laocoon,
462 488 588 554 Priami
611 495 697 574 regis
720 515 761 558 ex
776 494 924 558 Hecuba
937 495 1026 560 lilius
1041 505 1076 562 et
1093 497 1200 584 Apol-

107 591 187 652 linis
210 588 398 671 Thymbraei
419 589 597 670 sacerdos3
618 592 816 677 hastamque
840 595 873 658 in
901 605 976 657 eum
1002 595 1200 664 vibraverat.

109 689 315 772 Verumque
329 691 472 756 facinore
486 693 658 771 Minervas,
674 703 711 760 ut
727 698 800 780 ejus
816 695 897 759 doni
915 697 1067 773 violator,
1081 716 1201 778 provo·

84 865 85 872 ,
108 793 201 854 eavit
215 793 318 869 iram3
341 809 415 873 quae
438 790 526 855 duos
549 793 720 858 immensae
742 795 977 878 magnitudinis
999 804 1201 878 serpentese

106 891 266 956 fluctibus
275 912 428 970 evocans,
444 892 682 978 Antiphantem
693 903 726 961 et
739 897 987 980 Thymbraeum,
998 897 1202 963 Laocoontis

107 991 209 1069 filios,
222 1011 303 1056 mox
318 1000 351 1058 et
362 995 472 1076 ipsum
490 996 620 1058 auxilio
638 1004 872 1074 accurrentem,
883 997 926 1060 iis
940 998 1084 1060 necavit.
1107 995 1203 1078 Virg.

110 1094 247 1157 11.AEn.
268 1093 344 1158 212.
367 1094 558 1170 Petronius,
585 1095 726 1178 Satyris.
750 1096 803 1158 49.
827 1096 973 1179 denique
997 1095 1202 1178 Smyrnaeus,

108 1193 143 1254 in
171 1195 287 1258 multis
313 1194 532 1279 discrepans;
553 1195 659 1260 veluti
679 1202 713 1259 et
743 1195 909 1279 Hyginus,
936 1195 1091 1278 qui135.
1118 1197 1202 1261 Feb.

108 1295 236 1358 mavult
259 1294 450 1376 Apollinem
481 1307 648 1378 serpentes
671 1316 690 1359 e
712 1298 796 1359 mari
818 1297 1046 1376 summisisse;
1083 1299 1203 1361 iratum

107 1414 242 1478 nempe,
257 1395 344 1477 quod
369 1395 526 1462 Laocoon
547 1396 705 1464 sacerdos
723 1415 866 1461 uxorem
881 1397 1047 1475 duxisset,
1061 1398 1202 1462 liberos·

109 1514 173 1577 que
190 1515 235 1558 ex
251 1515 294 1576 ea
303 1502 529 1578 procreasset.

153 1594 304 1659 Statuam
325 1595 410 1658 hanc
425 1595 593 1679 depictam
608 1597 727 1661 dedere
741 1598 908 1673 Perarius,
924 1599 1087 1674 Daleaus,
1103 1599 1202 1680 Epis·

109 1695 241 1784 eopius,
260 1694 481 1774 Audrantius,
496 1704 531 1761 et
544 1703 620 1762 ante
642 1717 701 1762 eos
724 1696 828 1764 Marc.
851 1697 1046 1776 Ravennas,
1064 1697 1203 1761 Marlia-

108 1815 183 1873 nus,
211 1797 406 1879 plurimique
428 1798 520 1862 Itali.
566 1798 723 1861 Meminit
744 1798 819 1881 ejus
843 1799 917 1880 ipsc
941 1797 1030 1861 Plin.
1054 1796 1101 1861 H.
1118 1796 1201 1861 Nat.

10 1921 11 1924 ¹
110 1913 251 1961 xxxvi.
267 1900 299 1960 5.
322 1897 525 1974 ‘Laocoon,'
544 1900 663 1980 iuquit,
687 1899 768 1980 ‘qui
783 1899 885 1963 estin
905 1897 976 1962 Titi
998 1898 1203 1981 imperatoris

108 1997 220 2074 domo,
236 2017 325 2080 opus
348 1999 503 2062 omnibus
525 2005 560 2062 et
579 1999 721 2079 picturae
748 2003 782 2062 et
804 1999 974 2063 statuariae
990 2001 1069 2063 artis
1083 1997 1203 2082 praese-

72 2113 76 2120 ·
108 2099 259 2163 rendum.
315 2097 370 2161 Ex
394 2118 459 2161 uno
481 2099 593 2180 lapide
614 2117 703 2176 eum,
731 2107 766 2162 et
789 2099 926 2177 liberos,
952 2100 1204 2178 draconumque

106 2199 282 2263 mirabiles
293 2219 412 2276 nexus,
424 2200 466 2263 de
478 2200 612 2263 consilii
625 2201 788 2266 sententia
799 2200 905 2264 fecere
920 2199 1040 2262 summi
1049 2198 1203 2273 artifices,

10 2297 11 2302 ’
106 2299 315 2379 Agesander,
324 2308 359 2362 et
370 2300 572 2385 Polydorus,
583 2308 618 2365 et
635 2299 886 2377 Athenodorus,
900 2296 1047 2363 Rhodii!
1090 2295 1203 2375 Quare

108 2407 145 2463 et
158 2397 385 2476 hodie-eume
399 2421 557 2466 marmore
572 2403 706 2486 quidem
718 2401 969 2480 candidissimo,
982 2399 1080 2464 auxie
1092 2402 1204 2463 servat

11 2523 12 2596 Ξ
107 2497 287 2563 Pontificis
303 2499 448 2565 Maximi
463 2501 666 2567 Vaticanum
678 2504 883 2573 viridarium.

152 2599 264 2664 Recte
278 2606 387 2661 autem
401 2599 623 2678 Begerushoc
634 2605 884 2661 monumentum
899 2595 1051 2658 Maronis
1065 2613 1205 2656 exorna-

107 2700 158 2762 vit
172 2697 332 2772 carmine,
358 2695 447 2777 quod
468 2695 635 2759 funestum
658 2695 864 2766 Laocoontis
884 2712 1002 2757 casum
1024 2693 1075 2756 sic
1089 2691 1206 2771 depin-

111 2801 161 2880 git
173 2819 182 2861 ι

686 2879 829 2960 Agmine
846 2883 938 2944 carto

199 2982 396 3048 Laocoonta
409 2985 537 3064 petunt,
551 2984 583 3044 et
596 2980 738 3062 primum
752 2999 859 3063 parva
872 2979 1010 3044 duomm

201 3085 351 3166 Corpora
366 3091 519 3146 natorum
533 3100 669 3162 serpens
681 3081 856 3163 amplexus
867 3085 1006 3159 uterque
1101 3120 1105 3124 ,

201 3187 370 3268 Implicat,
385 3189 420 3246 et
434 3183 573 3245 miseros
588 3200 700 3245 morsu
714 3174 905 3262 depascitur
920 3183 1020 3241 artus.

200 3285 287 3349 Post
300 3285 410 3366 ipsum
426 3275 554 3345 auxilio
569 3281 767 3344 subeuntem
788 3299 828 3344 ac
843 3279 912 3343 tela
924 3278 1082 3345 ferentem

200 3385 403 3466 corripiunt,
418 3382 584 3465 spirisque
598 3381 702 3462 ligant
717 3381 928 3461 ingentibus:
951 3379 1064 3465 etjam

202 3487 264 3550 Bis
278 3483 423 3548 medium
439 3480 595 3564 amplexi,
609 3482 662 3544 bis
678 3481 766 3544 collo
777 3500 935 3564 squamea
950 3482 1077 3545 circum

200 3586 309 3669 Terga
324 3585 404 3661 dati,
421 3587 574 3666 superant
589 3582 700 3665 capite
713 3587 746 3645 et
761 3581 947 3646 cervicibus
962 3581 1049 3646 altis.

203 3685 268 3750 Ille
287 3685 388 3749 simul
402 3682 555 3746 manibus
570 3681 675 3745 tendit
688 3681 842 3744 divellere
856 3680 977 3758 uodoS,

202 3785 362 3850 Perfusus
377 3783 466 3844 sanie
481 3782 582 3845 vittas
595 3786 734 3862 atroque
748 3797 888 3842 veneno.
962 3775 969 3786 ”

204 3885 375 3952 Clamores
391 3881 491 3947 simul
505 3880 685 3948 horrendos
700 3879 745 3943 ad
758 3877 973 3944 sideratollit.
