3052 4900
569 344 775 432 uitulinum.
1148 335 1212 400 345

122 525 210 594 puer
223 499 344 573 'iliaca
361 507 548 592 quisquam
571 507 612 571 de
639 515 735 590 gente
760 505 900 574 Latinos
922 509 962 573 ln
992 519 1121 579 tautum
1140 533 1210 598 'spe

125 610 226 675 tollet
239 607 347 675 aves?
388 608 409 673 J
413 627 509 673 uren.
526 607 587 672 ‘Iu
603 614 760 692 quantum
775 609 860 674 situs
876 616 975 694 utque
988 613 1092 678 lamas
1107 623 1143 679 et
1157 617 1212 682 fri·

126 727 209 795 gera
234 709 399 794 poscunt:
442 707 531 772 Pliu.
551 715 602 773 ἰι.
625 727 701 792 cap.
724 709 778 774 36.
801 709 958 774 ‘Solutus
986 711 1212 780 columbarum

127 812 264 877 volatus
291 818 346 875 est
367 809 563 874 iutmultnm
583 808 751 874 velocior?
793 809 1042 874 Livius'xxrx.
1056 808 1109 875 25.
1132 813 1212 878 ‘Ad

126 913 326 976 immensum
339 927 457 1004 augere
472 907 618 993 aliquid!
660 909 704 974 Iit
727 925 839 974 xxrv.
861 911 915 975 15.
937 911 1211 995 ‘·Dextera·pars

116 1017 226 1076 'terrae
247 1011 325 1077 labe
345 1013 379 1076 in
400 1010 604 1093 aliquantum
617 1009 804 1075 altitudinis
819 1009 928 1076 diruta
941 1008 1032 1075 erat?
1076 1010 1144 1076 Ubi
1158 1029 1212 1094 ge·

127 1113 257 1177 nitirus
286 1109 508 1177 ‘altitudinis'
537 1128 604 1174 uon
631 1109 819 1192 regitur-ab
840 1110 1086 1194 ‘aliquantum'
1108 1113 1168 1177 sed
1191 1125 1213 1192 a

128 1229 313 1296 suppresse
340 1211 472 1278 nomine
501 1209 711 1275 substantivo
740 1211 829 1294 quod
852 1217 905 1276 est
925 1208 1101 1297 uegetum,
1116 1211 1213 1296 qued

129 1312 278 1378 similiter
288 1313 323 1377 in
334 1311 489 1379 omuibus
499 1309 638 1392 reliquis
653 1309 828 1395 adjectivis
837 1309 908 1394 jam
918 1304 1118 1376 ‘enumeratis
1133 1313 1212 1377 sub·

128 1412 265 1479 auditur.
310 1413 424 1479 Minus
440 1417 549 1478 autem
564 1412 719 1495 syntaxin
728 1410 828 1476 istam
844 1410 1013 1477 Metuonis
1027 1412 1212 1492 mirabitur,

128 1513 161 1576 si
168 1515 332 1580 rationem
346 1515 451 1592 ineat,
465 1513 581 1578 eadem
603 1513 669 1577 istu
692 1513 825 1579 nomina
847 1513 882 1577 iu
902 1518 999 1578 sextu
1018 1531 1100 1578 nasu
1120 1513 1210 1579 nullb

128 1617 298 1680 senteutim
312 1614 500 1680 discrimine
510 1614 664 1698 usurpari
673 1614 797 1678 solere:
808 1613 929 1678 utll'er.
941 1613 1066 1679 Heaut.
1080 1612 1211 1678 ‘Paulo

128 1715 189 1796 qui
203 1715 367 1779 esthemo
381 1713 583 1781 'tolerabilis’
618 1720 638 1750 ⁴
653 1713 939 1794 Pateraliquauto
962 1710 1126 1796 iniquior.’
1169 1711 1212 1777 Et

128 1813 263 1878 Phorm.
278 1814 369 1898 ‘Ego
384 1814 561 1880 istiuihile
574 1813 672 1879 aliter
686 1829 761 1878 sum
775 1811 895 1877 acini?
909 1811 1043 1878 Sallust·
1056 1812 1078 1877 J
1080 1811 1211 1894 ugurtb.

20 1917 28 1937 ⁸
128 1912 242 1978 ‘Cum
263 1916 367 1982 vineee
390 1915 492 2000 paulo
516 1921 762 1999 precesserant,
784 1913 858 1995 igne
879 1915 936 1975 aut
954 1910 1124 1994 lapidibus
1138 1929 1211 1976 eor·

127 2017 385 2100 rumpebantur!
427 2016 565 2083 cicero:
587 2014 744 2094 ‘Quanto
766 2013 952 2098 superiores
974 2031 1099 2092 sumus,
1117 2019 1210 2079 tauta

127 2133 189 2180 uns
204 2117 401 2183 submissius
414 2116 585 2200 geramus?
606 2116 717 2182 luem:
734 2114 958 2199 ‘Anug'autia
971 2114 1093 2198 ingenii
1107 2114 1210 2179 multe

127 2221 181 2280 est
201 2217 457 2284 molestissima?
500 2219 736 2301 Saeculum
750 2217 805 2282 94.
830 2217 978 2300 ‘Aspice
994 2219 1122 2298 quante
1150 2215 1211 2279 ali*-

128 2322 178 2380 ter
190 2321 416 2404 uuusquisque
430 2319 557 2404 pupulo
571 2319 675 2398 vivat,
698 2317 795 2382 aliter
808 2315 894 2382 sibi?
936 2315 1052 2382 Liuius
1064 2319 1210 2379 extrema

121 2415 186 2480 lib.
201 2433 257 2482 rx.
274 2420 450 2488 ‘Flauium
465 2405 635 2506 aliquanto
650 2425 751 2485 antea
764 2417 891 2484 desisse
907 2417 1070 2502 scriptum
1079 2413 1210 2481 faeere?

126 2517 246 2583 Justiu.
261 2534 410 2586 xxxin.
432 2521 523 2586 ‘Sed
544 2529 669 2605 quantu
690 2519 828 2604 Grypus
852 2519 977 2594 abnuit,
1001 2523 1094 2582 tauto
1118 2535 1212 2581 seror

124 2617 338 2680 accenditurs’
380 2621 420 2678 Iu
433 2621 557 2695 quibus
569 2622 723 2678 omuibus
736 2618 934 2693 propositio
948 2633 969 2671 u
982 2619 1016 2674 et
1025 2631 1144 2676 nomen
1152 2633 1211 2676 rte·

124 2711 211 2797 gotio
223 2708 428 2788 subauditur,
437 2717 475 2774 ut
488 2711 605 2774 eudem
620 2729 718 2772 sensu
727 2710 867 2786 dicatur,
884 2712 1025 2792 ‘quante
1038 2709 1161 2791 mugis'
1171 2719 1211 2777 et

125 2815 303 2896 ‘quantum
316 2809 445 2892 magis‚'
456 2814 598 2892 ‘quantu
612 2807 743 2873 melier'
757 2816 792 2873 et
806 2810 1210 2896 ‘quantummeliorz'qu'o

126 2911 314 2998 posteriore
329 2911 446 2976 Livius
459 2909 560 2976 utitur
573 2909 633 2974 lib.
649 2925 707 2971 ιιι.
722 2909 774 2974 la
796 2914 808 2944 ⁴
822 2909 994 2989 Quantum
1006 2911 1112 2998 magis
1119 2911 1210 2997 juni·

126 3033 200 3080 ores
213 3021 346 3098 patrum
361 3013 450 3100 plebi
466 3031 505 3077 se
519 3010 744 3090 insinuabant,
760 3031 803 3078 eo
817 3013 928 3078 aerius
940 3021 1059 3077 eontra
1071 3014 1210 3079 Tribuni

126 3115 325 3182 tendebant?
368 3115 413 3182 Et
427 3116 581 3181 xu1V.7-.
604 3111 798 3191 ‘Quantum
812 3113 944 3194 lougius
957 3110 1156 3195 procederet,
1167 3121 1209 3180 e'a

125 3217 282 3302 majorem
304 3234 410 3283 rerum
433 3216 582 3282 emnium
602 3215 752 3301 inopiam
774 3211 942 3279 sentiens?
983 3210 1098 3294 Atque
1120 3211 1209 3290 hine,

125 3319 258 3401 epium,
274 3317 446 3384 Mereerus
460 3317 633 3400 intelliget,
644 3334 743 3401 quam
753 3315 902 3400 imperite
914 3313 980 3378 ista
994 3311 1210 3377 Grammatiei

125 3418 307 3485 Aduerbiis
315 3425 543 3498 annumerent,
554 3431 630 3502 quse
645 3417 839 3502 praepositio
853 3416 903 3480 eis
916 3414 1089 3498 praemissa
1102 3414 1208 3478 nomi*

124 3535 259 3580 maesse
269 3518 401 3585 elamet.

163 3614 270 3684 ,Aliud
290 3615 361 3696 ejus
381 3627 606 3698 argumentum
628 3630 680 3688 est
693 3623 772 3705 quia
784 3622 841 3686 tib.
857 3639 890 3684 v.
905 3619 940 3683 in
953 3616 1025 3682 suis
1039 3615 1209 3700 exempla-t

125 3717 216 3780 ribus
229 3714 353 3798 legerit,
379 3714 552 3784 ‘Priamus
565 3741 600 3784 re
616 3722 746 3805 cognita
758 3723 806 3799 ad
814 3739 904 3786 arum
918 3718 941 3781 J
943 3718 1017 3782 ovis
1030 3723 1109 3781 aute
1124 3715 1208 3780 aedis

126 3815 233 3881 fidele
255 3813 427 3897 confugit!
467 3815 706 3905 Annotatque:
729 3817 942 3883 ‘AEdificiale
973 3835 1032 3898 pro
1061 3815 1207 3882 aedifieie

129 3915 201 3978 sive
222 3915 311 3996 regia
333 3914 470 3979 Priami.
513 3915 687 3996 Elegantia
708 3918 808 4000 hujus
832 3914 966 3982 saeeuli!
1008 3915 1114 3999 Atqui
1126 3916 1206 3983 nibil

127 4037 265 4083 neeesse
279 4025 331 4084 est
343 4021 391 4084 ita
402 4037 466 4082 uos
477 4019 596 4101 legere,
610 4027 647 4084 ut
657 4019 733 4084 libri
747 4019 821 4102 ejus
834 4018 1002 4096 exhibent,
1018 4018 1079 4084 sed
1092 4020 1207 4103 petius

127 4126 165 4193 ut
176 4119 233 4185 alii
244 4125 334 4185 reete
348 4119 532 4185 habebant:
547 4119 611 4184 ‘ad
626 4137 717 4185 aram
730 4118 828 4187 luris
842 4119 1026 4188 aeditieialis
1039 4112 1206 4205 comugie'
