3036 4918
314 269 360 336 to
578 281 656 330 115.
681 280 871 330 15515555
897 279 1147 330 5551111115

318 443 357 488 se
373 419 497 498 tradat,
511 429 547 486 et
560 425 672 488 tamen
686 423 843 490 nonnulla
864 424 965 490 etiam
986 423 1183 490 accuratius
1198 429 1235 488 et
1254 423 1401 491 disertius

317 521 531 604 expresserit,
547 540 646 606 qnam
661 529 773 588 noster
786 521 984 608 Septimius,
998 524 1056 608 qni
1068 523 1258 606 aliquando
1272 525 1403 590 eircum-

317 619 400 686 cisis
425 621 622 686 necessariis
645 621 688 687 ad
715 623 760 686 rei
784 623 1031 704 intelligentiam
1060 622 1328 688 circumstantiis
1353 624 1405 686 ob-

319 739 417 786 scure
436 721 588 806 quedam
605 728 638 787 et
659 720 816 802 ambigue
828 727 950 786 narrat.
995 717 1111 786 Veluti
1120 721 1219 806 quod
1234 722 1279 787 de
1294 721 1407 786 AEthra

318 829 353 886 et
368 821 526 905 Clymene
547 839 649 902 supra
673 820 940 884 memoravimus.
985 817 1049 884 Cui
1071 819 1163 884 adde
1186 820 1302 886 locum
1317 837 1365 886 rv.
1378 822 1408 888 3.

319 919 474 1002 ‘Fugam
510 925 707 1004 capessunt,
744 919 940 1001 clausisque
966 919 1115 984 civitah's
1147 923 1276 1003 portis,
1312 921 1410 986 nostri

319 1022 474 1104 reliquos,
500 1039 585 1104 quos
608 1019 688 1104 luga
709 1019 797 1086 bello
827 1027 1008 1098 exemerat,
1034 1018 1255 1100 obtruncant,
1271 1021 1410 1088 soeminis

321 1127 450 1188 tanturn
465 1122 672 1187 abstinentes
685 1140 817 1198 manus,
838 1127 1075 1206 parcenteeqna
1095 1122 1223 1186 sexui!
1268 1123 1408 1188 Dubium

321 1223 411 1286 enim
424 1221 479 1286 hic
495 1221 700 1304 relinquitur,
716 1228 826 1287 utrum
841 1221 904 1298 iili,
919 1221 978 1302 qni
992 1223 1055 1286 sub
1066 1221 1285 1290 Penthesilea
1297 1223 1412 1288 milita-

321 1323 413 1400 bant,
439 1329 473 1390 et
495 1323 644 1405 lugerent
659 1325 714 1386 'ex
738 1323 812 1388 acie
835 1323 879 1386 ad
902 1323 1027 1400 urbem,
1043 1321 1227 1390 clauserint
1250 1326 1320 1408 ipsi
1340 1323 1412 1388 dein

321 1429 452 1506 portas,
474 1441 517 1486 an
543 1441 623 1488 vero
643 1423 793 1507 Trojani,
817 1423 876 1505 qui
902 1423 936 1486 in
958 1423 1041 1486 urhe
1065 1434 1273 1492 manserant.
1320 1425 1411 1490 Prius

323 1519 471 1584 crederet
486 1521 573 1606 quis,
588 1521 645 1604 qui
672 1521 869 1605 Septimium
894 1527 1019 1588 tautum
1034 1523 1123 1606 legit,
1138 1531 1177 1588 at
1201 1545 1296 1606 vero,
1312 1527 1369 1610 qni
1381 1530 1413 1588 et
1499 1513 1500 1526 ¹

325 1619 498 1698 Malelam,
530 1622 753 1707 deprehendet
788 1623 957 1702 continuo,
987 1643 1101 1689 verum
1133 1644 1213 1690 esse
1238 1627 1412 1712 posteriue.

325 1721 417 1786 Nam
430 1721 594 1807 Troianos
609 1723 691 1789 dicit
705 1725 760 1788 ille
783 1723 968 1788 ‘clausisse
987 1723 1127 1808 portas,'
1149 1727 1195 1790 διὰ
1210 1729 1278 1802 τοὺς
1300 1726 1414 1810 55151-

323 1827 554 1914 τας,’5155151
575 1823 651 1890 illos
672 1823 851 1906 fugientes:
874 1830 911 1889 nt
930 1843 1110 1908 repugnare
1137 1827 1272 1894 scilieet
1287 1825 1414 1894 Graccis

324 1931 527 2004 cogerentur,
541 1927 601 1991 sed
624 1931 657 1990 et
679 1926 722 1991 de
747 1923 955 1990 ‘Foemiuis’
975 1925 1043 1990 illis
1065 1926 1170 2005 addit,
1188 1928 1300 1994 fuisse
1318 1927 1415 1993 Ama·
1503 1967 1504 1978 .

325 2040 439 2100 nouas,
453 2043 536 2105 quas
547 2024 661 2090 Grmci
677 2033 797 2110 captas
812 2027 897 2092 iuter
911 2045 947 2090 se
963 2025 1147 2092 diviserint.

372 2139 457 2190 xxr.
482 2127 634 2212 Denique
650 2145 702 2191 res
713 2127 890 2192 manifesta
904 2127 957 2193 vel
970 2127 1115 2192 maxime
1133 2146 1177 2191 ex
1192 2127 1300 2192 Libro
1313 2128 1417 2194 Sexto
1505 2157 1506 2164 .

327 2228 432 2290 nostri
446 2229 644 2312 interpretis,
658 2230 692 2292 15
713 2247 812 2310 quem
831 2229 935 2289 'unum
956 2225 1124 2304 redegisse
1146 2245 1183 2288 se
1200 2228 1248 2292 ait
1271 2237 1418 2312 quatuor

328 2325 382 2386 uel
397 2327 544 2407 quinque
567 2327 736 2390 volumina
750 2322 865 2386 Groeci
887 2323 1042 2406 Dictyos,
1064 2332 1153 2390 certe
1176 2327 1293 2390 retulit
1316 2335 1420 2394 totam

329 2420 495 2488 historiam
510 2422 551 2487 de
578 2423 683 2488 reditu
706 2421 912 2486 Graecorum.
955 2421 1100 2487 Malelas
1125 2431 1234 2488 autem
1265 2427 1421 2493 similiter
1506 2431 1509 2442 ”

330 2522 465 2608 quidem
480 2523 653 2590 defunctus
667 2530 718 2589 est
730 2522 850 2607 paucis
865 2523 899 2586 in
919 2543 960 2587 ea
980 2523 1130 2602 historia,
1143 2521 1201 2587 sed
1221 2523 1271 2586 ita
1294 2530 1423 2604 tamen,

330 2633 447 2694 utnon
461 2633 614 2712 sequatur
636 2626 848 2711 Septimium,
870 2645 983 2690 verum
1002 2624 1138 2708 reliquis
1160 2642 1205 2686 ex
1219 2620 1421 2690 Graecorum

329 2730 438 2796 reditu
460 2731 707 2812 praetermissis,
724 2728 880 2810 delegerit
900 2727 1106 2810 potissimum
1128 2723 1299 2790 historiam
1320 2726 1421 2811 Ulys-

331 2832 390 2906 sis‚
406 2847 446 2892 ac
458 2829 534 2889 dein
549 2827 816 2904 Agamemnonis,
831 2828 937 2890 occisi
949 2831 992 2890 ab
1007 2846 1123 2901 uxore,
1137 2832 1176 2889 ut
1186 2833 1220 2890 et
1233 2826 1338 2910 hujus
1348 2827 1419 2903 filii,

332 2925 475 2998 Orestis,
495 2923 537 2986 de
553 2925 677 3006 quibus
692 2925 846 2988 omuibus
867 2925 965 3006 longe
981 2925 1088 3006 plura,
1104 2926 1183 2988 licet
1207 2928 1419 3009 congruenti·

331 3025 395 3087 bus
409 3025 548 3088 summis
567 3042 672 3088 rerum
695 3025 739 3088 ab
756 3024 948 3089 Homericis
962 3024 1208 3088 narrationibus
1235 3026 1417 3110 aliquando

332 3126 557 3190 secedentium
580 3125 763 3208 capitibus,
778 3125 886 3197 reteri,
910 3143 1007 3207 quam
1033 3125 1169 3202 Noster,
1184 3131 1217 3190 et
1238 3127 1354 3193 tamen
1376 3144 1419 3190 ex

334 3227 468 3308 Dictys,
483 3233 523 3290 ut
544 3226 665 3290 diserte
688 3215 864 3290 identidem
888 3227 947 3292 ait.
990 3224 1078 3290 Vide
1101 3245 1137 3308 p.
1161 3227 1233 3291 152.
1247 3227 1291 3292 de
1312 3228 1418 3300 Circe,

334 3347 434 3409 quam
451 3327 576 3392 Noster
601 3325 680 3390 nihil
695 3327 796 3404 aliud,
812 3347 911 3409 quam
926 3327 1085 3403 nominat,
1101 3327 1272 3410 etp-155.
1291 3329 1366 3394 168.
1388 3331 1419 3390 51

333 3426 406 3490 172.
452 3424 588 3490 clarum
603 3445 648 3490 ex
661 3446 714 3503 55,
724 3427 882 3492 habuisse
894 3425 1032 3492 Graecos
1042 3429 1243 3508 posteriores
1258 3428 1332 3506 illa,
1343 3444 1418 3511 quae

334 3527 479 3612 Dictyos
494 3527 626 3590 nomine
647 3526 793 3602 laudant,
815 3545 881 3590 555
905 3546 949 3590 ex
972 3533 1085 3590 nostro
1106 3527 1285 3610 Septimio,
1301 3529 1362 3594 sed
1376 3544 1419 3590 ex

254 3681 257 3690 .
335 3629 458 3694 Graeco
473 3627 606 3710 Dictys,
620 3645 715 3708 quem
729 3626 841 3708 ipsum
856 3628 955 3690 vertit
969 3626 1087 3690 Latine
1101 3628 1299 3712 Septimius,
1311 3637 1344 3696 et
1357 3630 1418 3694 hac

334 3729 370 3793 in
391 3736 494 3814 parte,
511 3747 586 3810 qnae
614 3727 656 3790 de
687 3725 793 3791 reditu
816 3726 1012 3792 Graecorum
1041 3730 1172 3810 agebat,
1197 3731 1363 3796 contraxit
1384 3729 1419 3793 iu

334 3831 524 3914 Epitomen,
538 3835 571 3894 et
591 3827 667 3892 ideo
689 3828 809 3906 minus,
830 3828 921 3911 quod
944 3828 988 3892 ad
1009 3828 1102 3894 filum
1121 3829 1283 3896 Historiae
1307 3838 1342 3896 et
1362 3847 1416 3894 se·

336 3933 415 3998 riem
429 3950 551 4006 rerum,
566 3948 641 3996 cum
657 3929 781 3996 Malela
795 3936 829 3994 et
844 3929 995 3996 Gedreno
1012 3931 1089 3996 istic
1104 3932 1262 4012 congruit.

381 4047 482 4094 xxrr.
499 4031 568 4098 Ista
583 4037 695 4098 autem
709 4033 845 4100 uberius
856 4033 1006 4122 pauloet
1015 4031 1184 4113 copiosius
1196 4029 1418 4096 demonstrare
