3036 4918
502 315 623 365 §CENA
647 318 798 368 usurus.
1148 311 1192 375 75

101 463 245 528 mittitur
259 461 408 544 Ulysses.
452 461 628 543 Iphigenia
652 481 674 526 a
697 468 800 528 matre
826 463 1009 528 abducitur.
1052 463 1188 550 Nuptiae

102 563 307 628 simulantur.
348 562 452 626 Sacra
466 569 634 645 parantur.
678 563 879 628 Duatamen
894 563 1031 628 miserta
1041 566 1188 646 virginis,

98 660 247 724 hostiam
268 663 458 743 supposuit,
475 662 618 743 puellam
640 663 675 730 in
696 663 863 745 regionem
885 664 1051 730 transtulit
1070 665 1189 734 Tarn-

100 779 188 836 cam,
203 763 261 826 uhi
274 763 379 826 sacris
395 763 514 851 Dianae
530 762 688 845 preelecta
708 769 770 828 est.
813 764 895 828 Huc
910 783 991 830 vero
1002 783 1081 830 eum
1096 773 1190 848 post-

98 860 236 924 modnm
249 861 395 939 Orestes,
409 864 567 928 maternis
590 865 734 945 enatus
755 863 852 930 suriis
874 865 1189 949 testimoniumque

96 979 192 1026 ruore
204 963 311 1043 gentis
334 963 502 1046 Scythicae
528 964 753 1030 immolandus
775 969 914 1042 assota
935 985 1047 1032 sorore
1068 974 1190 1048 ostag-

96 1060 188 1125 uitns
213 1068 245 1125 et
258 1062 430 1128 liberatus.
458 1063 572 1140 Mox,
594 1063 706 1128 ablato
732 1063 855 1128 Diauae
879 1064 1070 1143 simulacro,
1091 1065 1189 1132 ausu-

97 1179 185 1240 gere,
208 1169 243 1226 et
261 1182 341 1227 cum
367 1164 402 1228 in
424 1162 558 1227 Italiam
581 1162 760 1227 errabundi
783 1163 969 1244 venissent,
985 1163 1189 1246 iuAricinn

95 1279 231 1326 nemore
256 1262 291 1326 id
315 1263 533 1328 collocavero.
578 1263 770 1345 Euripides,
792 1264 828 1328 in
847 1263 996 1346 Iphigeu.
1019 1265 1135 1332 Aulid.
1156 1273 1190 1332 et

94 1359 232 1425 Tauric.
247 1361 349 1427 Ovid.
367 1378 439 1428 xu.
455 1363 596 1428 Metam
611 1364 667 1428 30.
682 1363 817 1430 Lucret.
834 1381 856 1428 ι.
880 1363 1073 1448 Hyginus.
1088 1365 1173 1432 Fah.

137 1459 315 1543 Iphigenia
349 1457 462 1528 tamen
488 1483 553 1528 non
589 1463 760 1542 translata,
781 1464 844 1530 sed
871 1483 949 1530 vere
976 1471 1123 1532 mactata
1152 1475 1186 1531 et

89 1558 246 1640 jugulata
280 1562 416 1639 dicitur,
451 1561 594 1645 Virgilio
618 1579 658 1629 ιι.
688 1563 767 1628 AErn
789 1564 865 1630 116.
891 1563 1049 1647 Propert.
1075 1581 1131 1630 ιιι.
1152 1567 1185 1632 7.

94 1666 127 1722 et
142 1677 196 1722 ιν.
212 1663 244 1726 1.

138 1758 287 1826 Victima
302 1768 426 1838 autem,
442 1761 624 1844 Iphigeniae
638 1762 828 1844 supposita,
843 1764 907 1830 fuit
927 1782 1041 1848 cerva.
1085 1761 1185 1827 Ouid.

89 1860 156 1922 lib.
168 1860 226 1922 cit
241 1860 293 1922 34.
307 1866 342 1925 et
363 1879 413 1924 ιν.
428 1862 533 1926 Trist.
548 1865 579 1926 4.
592 1864 650 1926 67.
673 1861 819 1927 Martial.
834 1879 889 1928 ιιι.
905 1864 958 1928 49.
978 1871 1014 1928 et
1026 1862 1186 1928 Juvenal.

93 1973 169 2020 xrr.
186 1959 260 2021 120.
283 1958 336 2022 uel
346 1959 513 2040 juvencus
528 1962 602 2024 eive
617 1966 750 2039 taurum
770 1961 862 2042 qnod
877 1961 911 2026 N
913 1961 1065 2041 icandre;
1088 1962 1185 2028 velot

93 2077 186 2134 ursa,
203 2059 294 2140 qnod
310 2059 442 2140 placuit
457 2057 696 2123 Phoenodeme.

138 2158 317 2222 Numisma
333 2159 396 2221 hoc
410 2157 457 2242 (si
472 2155 574 2222 modo
588 2177 654 2221 non
668 2157 795 2242 lictum)
809 2160 908 2223 sicuti
919 2158 1013 2223 dedit
1031 2158 1186 2242 Cuperus

91 2256 207 2338 (cujus
223 2259 353 2338 seriptis
375 2257 458 2321 nihil
485 2259 652 2334 exactius,
668 2257 917 2342 eruditiusque)
938 2258 1077 2324 Observ.
1094 2275 1118 2322 ι.
1132 2259 1185 2323 12.

92 2359 141 2418 ita
156 2353 358 2431 Gronovius,
371 2356 472 2420 'lhos
485 2357 536 2421 lit.
553 2358 588 2421 S.
600 2359 631 2420 4.

294 2573 299 2580 ’
325 2571 417 2634 XII.
460 2569 651 2631 APOLLO
673 2571 959 2634 SMINTHIUS.

487 2699 566 2764 Lra.
583 2716 624 2762 ιι.
646 2699 735 2764 Gar.
750 2702 800 2765 14.
899 2719 904 2732 “

93 2833 250 2898 ‘Eadem
280 2838 480 2914 tempestate
509 2835 682 2898 oraculum
710 2835 823 2918 Pythii
853 2836 984 2900 Graecis
1014 2837 1184 2918 perfertur,

135 2932 385 2998 concedendum
401 2935 445 2996 ab
466 2934 635 3033 omnihus,
650 2936 699 3024 uti
721 2953 782 3018 per
796 2935 1014 3001 Palamedem
1030 2937 1182 3021 Apollini
1213 2928 1216 2934 ’

139 3032 305 3097 Sminthio
319 3033 520 3096 sacrificium
533 3033 763 3100 exhiberetur!

138 3163 380 3230 Coenonrnrs
394 3166 501 3250 huJ'ns
525 3166 684 3248 origine·
707 3164 893 3230 luculenter
919 3166 1012 3230 dedit
1031 3165 1073 3230 ad
1089 3165 1183 3230 Huh.

97 3262 223 3330 Goltzii
236 3263 351 3329 Graec.
366 3265 429 3328 ius.
442 3267 495 3329 14.
519 3267 608 3330 Teh.
633 3265 762 3330 Ludov.
786 3265 959 3348 Nonnins3
981 3287 1106 3352 exque
1122 3287 1183 3332 no·

96 3369 164 3429 tata
185 3365 229 3428 ad
250 3365 339 3428 hunc
360 3362 584 3430 Tenediorum
608 3363 789 3432 Nummum
813 3368 1017 3434 solummodo
1031 3377 1181 3453 repetere

96 3466 263 3529 constitui.
981 3515 984 3522 .

141 3564 266 3647 Apollo
294 3565 393 3648 igitur
423 3565 606 3631 Sminthius
636 3569 710 3632 sivo
738 3567 943 3642 Smintheus,
973 3585 994 3630 a
1022 3568 1181 3644 muribus,

98 3683 185 3746 quos
202 3663 332 3745 Σμίνθους
348 3666 562 3748 appellabant
576 3669 693 3732 AEoles
707 3666 898 3748 et'l'rejani.
921 3665 1048 3728 Verum
1063 3666 1182 3746 appel-

96 3767 231 3830 lationis
257 3783 394 3829 causam
422 3765 485 3829 hoc
521 3767 623 3830 modo
653 3765 824 3829 memoriae
852 3765 989 3829 tradidit
1015 3765 1182 3841 AElianus‚

98 3867 187 3929 Hist.
204 3863 315 3928 Anim.
333 3867 452 3928 x11.5.
927 3863 930 3868 ’

138 3965 225 4028 Cum
248 3966 388 4028 murium
416 3981 537 4045 magna
558 3963 611 4026 vis
639 3963 850 4027 AEolonsium
884 3978 925 4025 ac
962 3961 1183 4042 Trojanorum

99 4065 334 4149 popularentur
362 4081 452 4140 arva,
476 4065 741 4146 immaturaeque
778 4064 906 4144 segetes
944 4071 1182 4140 consumerent,
