<?xml version="1.0" encoding="UTF-8"?>
<!DOCTYPE html PUBLIC "-//W3C//DTD XHTML 1.0 Transitional//EN"
    "http://www.w3.org/TR/xhtml1/DTD/xhtml1-transitional.dtd">
<html xmlns="http://www.w3.org/1999/xhtml" xml:lang="en" lang="en">
 <head>
  <title>
</title>
<meta http-equiv="Content-Type" content="text/html;charset=utf-8" />
  <meta name='ocr-system' content='tesseract 3.04.00' />
  <meta name='ocr-capabilities' content='ocr_page ocr_carea ocr_par ocr_line ocrx_word'/>
</head>
<body>
  <div class='ocr_page' id='page_1' title='image "./dictyscretensis00smidgoog_0269.png"; bbox 0 0 3044 4896; ppageno 0'>
   <div class='ocr_carea' id='block_1_1' title="bbox 399 317 1196 383">
    <p class='ocr_par' dir='ltr' id='par_1_1' title="bbox 399 317 1196 383">
     <span class='ocr_line' id='line_1_1' title="bbox 399 317 1196 383; baseline 0.016 -13"><span class='ocrx_word' id='word_1_1' title='bbox 399 323 448 370; x_wconf 87' lang='lat' dir='ltr'><strong>on</strong></span> <span class='ocrx_word' id='word_1_2' title='bbox 463 322 592 372; x_wconf 73' lang='lat' dir='ltr'><strong>,sunno</strong></span> <span class='ocrx_word' id='word_1_3' title='bbox 615 323 785 376; x_wconf 78' lang='lat' dir='ltr'><strong>‘l&#39;ROJANo</strong></span> <span class='ocrx_word' id='word_1_4' title='bbox 810 327 880 376; x_wconf 82' lang='lat' dir='ltr'><strong>urs.</strong></span> <span class='ocrx_word' id='word_1_5' title='bbox 904 329 939 376; x_wconf 88' lang='lat' dir='ltr'><strong>v.</strong></span> <span class='ocrx_word' id='word_1_6' title='bbox 1131 317 1196 383; x_wconf 75' lang='lat'><strong>259</strong></span> 
     </span>
    </p>
   </div>
   <div class='ocr_carea' id='block_1_2' title="bbox 107 461 1196 750">
    <p class='ocr_par' dir='ltr' id='par_1_2' title="bbox 107 461 1196 750">
     <span class='ocr_line' id='line_1_2' title="bbox 113 461 1196 551; baseline 0.006 -21"><span class='ocrx_word' id='word_1_7' title='bbox 113 465 256 530; x_wconf 80' lang='lat' dir='ltr'><strong>animem</strong></span> <span class='ocrx_word' id='word_1_8' title='bbox 275 461 464 530; x_wconf 86' lang='lat' dir='ltr'><strong>offendunt:</strong></span> <span class='ocrx_word' id='word_1_9' title='bbox 480 463 776 550; x_wconf 86' lang='lat' dir='ltr'><strong>perquirentesque</strong></span> <span class='ocrx_word' id='word_1_10' title='bbox 791 467 905 534; x_wconf 90' lang='lat' dir='ltr'><strong>mortis</strong></span> <span class='ocrx_word' id='word_1_11' title='bbox 919 489 1032 551; x_wconf 83' lang='lat' dir='ltr'><strong>genus,</strong></span> <span class='ocrx_word' id='word_1_12' title='bbox 1046 471 1196 538; x_wconf 81' lang='lat' dir='ltr'><strong>animad-</strong></span> 
     </span>
     <span class='ocr_line' id='line_1_3' title="bbox 107 563 1195 662; baseline 0.008 -32"><span class='ocrx_word' id='word_1_13' title='bbox 107 571 236 630; x_wconf 73' lang='lat' dir='ltr'><strong>uertere</strong></span> <span class='ocrx_word' id='word_1_14' title='bbox 251 563 337 629; x_wconf 84' lang='lat' dir='ltr'><strong>ferro</strong></span> <span class='ocrx_word' id='word_1_15' title='bbox 352 564 570 630; x_wconf 84' lang='lat' dir='ltr'><strong>interfectum.</strong></span> <span class='ocrx_word' id='word_1_16' title='bbox 614 564 697 632; x_wconf 87' lang='lat' dir='ltr'><strong>ludo</strong></span> <span class='ocrx_word' id='word_1_17' title='bbox 711 572 800 662; x_wconf 79' lang='lat' dir='ltr'><strong>ortus</strong></span> <span class='ocrx_word' id='word_1_18' title='bbox 822 588 881 651; x_wconf 92' lang='lat' dir='ltr'><strong>per</strong></span> <span class='ocrx_word' id='word_1_19' title='bbox 903 569 1005 634; x_wconf 87' lang='lat' dir='ltr'><strong>duces</strong></span> <span class='ocrx_word' id='word_1_20' title='bbox 1026 578 1123 655; x_wconf 86' lang='lat' dir='ltr'><strong>atque</strong></span> <span class='ocrx_word' id='word_1_21' title='bbox 1136 591 1195 638; x_wconf 85' lang='lat' dir='ltr'><strong>ex·</strong></span> 
     </span>
     <span class='ocr_line' id='line_1_4' title="bbox 111 665 1194 750; baseline 0.008 -20"><span class='ocrx_word' id='word_1_22' title='bbox 111 666 246 730; x_wconf 81' lang='lat' dir='ltr'><strong>ercitum</strong></span> <span class='ocrx_word' id='word_1_23' title='bbox 263 665 427 730; x_wconf 90' lang='lat' dir='ltr'><strong>tumultus</strong></span> <span class='ocrx_word' id='word_1_24' title='bbox 441 666 565 747; x_wconf 85' lang='lat' dir='ltr'><strong>ingens,</strong></span> <span class='ocrx_word' id='word_1_25' title='bbox 578 684 627 730; x_wconf 83' lang='lat' dir='ltr'><strong>-ac</strong></span> <span class='ocrx_word' id='word_1_26' title='bbox 643 666 719 732; x_wconf 90' lang='lat' dir='ltr'><strong>dein</strong></span> <span class='ocrx_word' id='word_1_27' title='bbox 735 668 858 734; x_wconf 89' lang='lat' dir='ltr'><strong>seditio</strong></span> <span class='ocrx_word' id='word_1_28' title='bbox 870 670 962 736; x_wconf 84' lang='lat' dir='ltr'><strong>brevi</strong></span> <span class='ocrx_word' id='word_1_29' title='bbox 978 670 1102 750; x_wconf 85' lang='lat' dir='ltr'><strong>adulta,</strong></span> <span class='ocrx_word' id='word_1_30' title='bbox 1117 684 1194 739; x_wconf 86' lang='lat' dir='ltr'><strong>cum</strong></span> 
     </span>
    </p>
   </div>
   <div class='ocr_carea' id='block_1_3' title="bbox 111 765 1303 853">
    <p class='ocr_par' dir='ltr' id='par_1_3' title="bbox 111 765 1303 853">
     <span class='ocr_line' id='line_1_5' title="bbox 111 765 1303 853; baseline 0.006 -22"><span class='ocrx_word' id='word_1_31' title='bbox 111 768 268 851; x_wconf 79' lang='lat' dir='ltr'><strong>sotejam</strong></span> <span class='ocrx_word' id='word_1_32' title='bbox 283 765 497 832; x_wconf 79' lang='lat' dir='ltr'><strong>Palamedem</strong></span> <span class='ocrx_word' id='word_1_33' title='bbox 507 765 710 832; x_wconf 86' lang='lat' dir='ltr'><strong>vimmdomi</strong></span> <span class='ocrx_word' id='word_1_34' title='bbox 721 767 877 852; x_wconf 87' lang='lat' dir='ltr'><strong>belloque</strong></span> <span class='ocrx_word' id='word_1_35' title='bbox 888 770 1198 852; x_wconf 85' lang='lat' dir='ltr'><strong>prudentissimum,</strong></span> <span class='ocrx_word' id='word_1_36' title='bbox 1299 845 1303 853; x_wconf 55' lang='grc'><strong><em>,</em></strong></span> 
     </span>
    </p>
   </div>
   <div class='ocr_carea' id='block_1_4' title="bbox 105 866 1281 2358">
    <p class='ocr_par' dir='ltr' id='par_1_4' title="bbox 105 866 1281 2358">
     <span class='ocr_line' id='line_1_6' title="bbox 110 866 1194 954; baseline 0.006 -25"><span class='ocrx_word' id='word_1_37' title='bbox 110 886 198 934; x_wconf 87' lang='lat' dir='ltr'><strong>nunc</strong></span> <span class='ocrx_word' id='word_1_38' title='bbox 213 866 353 948; x_wconf 82' lang='lat' dir='ltr'><strong>Ajacem</strong></span> <span class='ocrx_word' id='word_1_39' title='bbox 368 867 550 950; x_wconf 76' lang='lat' dir='ltr'><strong>inclytum⁶</strong></span> <span class='ocrx_word' id='word_1_40' title='bbox 573 873 625 932; x_wconf 88' lang='lat' dir='ltr'><strong>tot</strong></span> <span class='ocrx_word' id='word_1_41' title='bbox 646 868 786 950; x_wconf 77' lang='lat' dir='ltr'>egregiis</span> <span class='ocrx_word' id='word_1_42' title='bbox 809 870 943 952; x_wconf 83' lang='lat' dir='ltr'><strong>pugnis,</strong></span> <span class='ocrx_word' id='word_1_43' title='bbox 959 878 1061 954; x_wconf 80' lang='lat' dir='ltr'><strong>etque</strong></span> <span class='ocrx_word' id='word_1_44' title='bbox 1085 879 1194 936; x_wconf 89' lang='lat' dir='ltr'><strong>utros-</strong></span> 
     </span>
     <span class='ocr_line' id='line_1_7' title="bbox 109 967 1194 1055; baseline 0.006 -23"><span class='ocrx_word' id='word_1_45' title='bbox 109 987 177 1050; x_wconf 86' lang='lat' dir='ltr'><strong>que</strong></span> <span class='ocrx_word' id='word_1_46' title='bbox 191 967 323 1032; x_wconf 82' lang='lat' dir='ltr'>insidiis</span> <span class='ocrx_word' id='word_1_47' title='bbox 343 987 454 1032; x_wconf 91' lang='lat' dir='ltr'><strong>eorum</strong></span> <span class='ocrx_word' id='word_1_48' title='bbox 477 967 722 1032; x_wconf 84' lang='lat' dir='ltr'><strong>circumventos</strong></span> <span class='ocrx_word' id='word_1_49' title='bbox 744 968 1003 1050; x_wconf 83' lang='lat' dir='ltr'><strong>ingemiscerent.</strong></span> <span class='ocrx_word' id='word_1_50' title='bbox 1046 970 1194 1055; x_wconf 81' lang='lat' dir='ltr'><strong>obque</strong></span> 
     </span>
     <span class='ocr_line' id='line_1_8' title="bbox 110 1067 1193 1153; baseline 0.003 -21"><span class='ocrx_word' id='word_1_51' title='bbox 110 1067 299 1150; x_wconf 84' lang='lat' dir='ltr'>supradicti</span> <span class='ocrx_word' id='word_1_52' title='bbox 320 1087 415 1150; x_wconf 87' lang='lat' dir='ltr'><strong>reges</strong></span> <span class='ocrx_word' id='word_1_53' title='bbox 430 1067 537 1144; x_wconf 86' lang='lat' dir='ltr'><strong>veriti,</strong></span> <span class='ocrx_word' id='word_1_54' title='bbox 552 1087 594 1132; x_wconf 86' lang='lat' dir='ltr'><strong>ne</strong></span> <span class='ocrx_word' id='word_1_55' title='bbox 615 1087 683 1152; x_wconf 84' lang='lat' dir='ltr'><strong>quo</strong></span> <span class='ocrx_word' id='word_1_56' title='bbox 705 1069 756 1134; x_wconf 87' lang='lat' dir='ltr'><strong>vis</strong></span> <span class='ocrx_word' id='word_1_57' title='bbox 778 1070 821 1134; x_wconf 89' lang='lat' dir='ltr'><strong>ab</strong></span> <span class='ocrx_word' id='word_1_58' title='bbox 843 1071 990 1136; x_wconf 84' lang='lat' dir='ltr'><strong>exercitu</strong></span> <span class='ocrx_word' id='word_1_59' title='bbox 1011 1079 1193 1153; x_wconf 87' lang='lat' dir='ltr'><strong>pararetur,</strong></span> 
     </span>
     <span class='ocr_line' id='line_1_9' title="bbox 108 1169 1192 1252; baseline 0.006 -20"><span class='ocrx_word' id='word_1_60' title='bbox 108 1170 198 1232; x_wconf 88' lang='lat' dir='ltr'><strong>intus</strong></span> <span class='ocrx_word' id='word_1_61' title='bbox 227 1169 335 1233; x_wconf 85' lang='lat' dir='ltr'><strong>clausi</strong></span> <span class='ocrx_word' id='word_1_62' title='bbox 355 1169 539 1252; x_wconf 79' lang='lat' dir='ltr'><strong>limatique</strong></span> <span class='ocrx_word' id='word_1_63' title='bbox 560 1188 622 1252; x_wconf 88' lang='lat' dir='ltr'><strong>per</strong></span> <span class='ocrx_word' id='word_1_64' title='bbox 643 1173 849 1235; x_wconf 81' lang='lat' dir='ltr'><strong>necessarios</strong></span> <span class='ocrx_word' id='word_1_65' title='bbox 869 1179 1011 1237; x_wconf 87' lang='lat' dir='ltr'><strong>manent.</strong></span> <span class='ocrx_word' id='word_1_66' title='bbox 1055 1171 1192 1238; x_wconf 87' lang='lat' dir='ltr'>Interim</span> 
     </span>
     <span class='ocr_line' id='line_1_10' title="bbox 110 1267 1281 1354; baseline 0.002 -22"><span class='ocrx_word' id='word_1_67' title='bbox 110 1268 363 1351; x_wconf 82' lang='lat' dir='ltr'><strong>Neoptolemus,</strong></span> <span class='ocrx_word' id='word_1_68' title='bbox 379 1268 519 1334; x_wconf 84' lang='lat' dir='ltr'><strong>advecta</strong></span> <span class='ocrx_word' id='word_1_69' title='bbox 533 1268 777 1349; x_wconf 82' lang='lat' dir='ltr'><strong>lignimateria,</strong></span> <span class='ocrx_word' id='word_1_70' title='bbox 794 1267 935 1354; x_wconf 82' lang='lat' dir='ltr'><strong>Ajacem</strong></span> <span class='ocrx_word' id='word_1_71' title='bbox 949 1275 1095 1336; x_wconf 85' lang='lat' dir='ltr'><strong>cremat:</strong></span> <span class='ocrx_word' id='word_1_72' title='bbox 1117 1273 1194 1336; x_wconf 86' lang='lat' dir='ltr'><strong>reli·</strong></span> <span class='ocrx_word' id='word_1_73' title='bbox 1272 1293 1281 1316; x_wconf 90' lang='lat'><strong>·</strong></span> 
     </span>
     <span class='ocr_line' id='line_1_11' title="bbox 108 1365 1193 1454; baseline 0.002 -22"><span class='ocrx_word' id='word_1_74' title='bbox 108 1369 285 1451; x_wconf 81' lang='lat' dir='ltr'><strong>quiesque,</strong></span> <span class='ocrx_word' id='word_1_75' title='bbox 294 1386 383 1432; x_wconf 85' lang='lat' dir='ltr'><strong>urnae</strong></span> <span class='ocrx_word' id='word_1_76' title='bbox 394 1387 502 1436; x_wconf 81' lang='lat' dir='ltr'><strong>aurem</strong></span> <span class='ocrx_word' id='word_1_77' title='bbox 511 1368 717 1444; x_wconf 83' lang='lat' dir='ltr'><strong>conditas,in</strong></span> <span class='ocrx_word' id='word_1_78' title='bbox 729 1365 886 1434; x_wconf 71' lang='lat' dir='ltr'><strong>Rhoeteo‘</strong></span> <span class='ocrx_word' id='word_1_79' title='bbox 897 1370 1193 1454; x_wconf 85' lang='lat' dir='ltr'><strong>sepeliendaspro-</strong></span> 
     </span>
     <span class='ocr_line' id='line_1_12' title="bbox 107 1468 1193 1552; baseline 0.002 -16"><span class='ocrx_word' id='word_1_80' title='bbox 107 1474 228 1546; x_wconf 81' lang='lat' dir='ltr'><strong>curat,⁸</strong></span> <span class='ocrx_word' id='word_1_81' title='bbox 249 1468 403 1552; x_wconf 83' lang='lat' dir='ltr'><strong>brevique</strong></span> <span class='ocrx_word' id='word_1_82' title='bbox 425 1470 585 1535; x_wconf 87' lang='lat' dir='ltr'><strong>tumulum</strong></span> <span class='ocrx_word' id='word_1_83' title='bbox 607 1477 813 1536; x_wconf 82' lang='lat' dir='ltr'><strong>exstructum</strong></span> <span class='ocrx_word' id='word_1_84' title='bbox 836 1472 1069 1536; x_wconf 86' lang='lat' dir='ltr'><strong>consecratio</strong></span> <span class='ocrx_word' id='word_1_85' title='bbox 1091 1471 1193 1538; x_wconf 88' lang='lat' dir='ltr'><strong>hono·</strong></span> 
     </span>
     <span class='ocr_line' id='line_1_13' title="bbox 111 1567 1193 1655; baseline 0.004 -21"><span class='ocrx_word' id='word_1_86' title='bbox 111 1589 175 1634; x_wconf 92' lang='lat' dir='ltr'><strong>rem</strong></span> <span class='ocrx_word' id='word_1_87' title='bbox 191 1570 274 1632; x_wconf 86' lang='lat' dir='ltr'><strong>tanti</strong></span> <span class='ocrx_word' id='word_1_88' title='bbox 289 1567 398 1634; x_wconf 87' lang='lat' dir='ltr'><strong>ducis.</strong></span> <span class='ocrx_word' id='word_1_89' title='bbox 442 1569 530 1648; x_wconf 84' lang='lat' dir='ltr'><strong>Quae</strong></span> <span class='ocrx_word' id='word_1_90' title='bbox 545 1571 574 1634; x_wconf 90' lang='lat' dir='ltr'><strong>si</strong></span> <span class='ocrx_word' id='word_1_91' title='bbox 590 1576 812 1655; x_wconf 83' lang='lat' dir='ltr'><strong>anteceptam</strong></span> <span class='ocrx_word' id='word_1_92' title='bbox 836 1573 936 1637; x_wconf 88' lang='lat' dir='ltr'><strong>Ilium</strong></span> <span class='ocrx_word' id='word_1_93' title='bbox 959 1572 1113 1637; x_wconf 88' lang='lat' dir='ltr'><strong>accidere</strong></span> <span class='ocrx_word' id='word_1_94' title='bbox 1134 1591 1193 1654; x_wconf 90' lang='lat' dir='ltr'><strong>po·</strong></span> 
     </span>
     <span class='ocr_line' id='line_1_14' title="bbox 109 1667 1192 1754; baseline 0.003 -21"><span class='ocrx_word' id='word_1_95' title='bbox 109 1670 263 1746; x_wconf 89' lang='lat' dir='ltr'><strong>tuissent,</strong></span> <span class='ocrx_word' id='word_1_96' title='bbox 279 1667 428 1752; x_wconf 82' lang='lat' dir='ltr'><strong>proiecto</strong></span> <span class='ocrx_word' id='word_1_97' title='bbox 441 1689 560 1753; x_wconf 84' lang='lat' dir='ltr'><strong>magna</strong></span> <span class='ocrx_word' id='word_1_98' title='bbox 573 1690 618 1735; x_wconf 81' lang='lat' dir='ltr'><strong>ex</strong></span> <span class='ocrx_word' id='word_1_99' title='bbox 631 1677 725 1753; x_wconf 88' lang='lat' dir='ltr'><strong>parte</strong></span> <span class='ocrx_word' id='word_1_100' title='bbox 741 1682 904 1754; x_wconf 89' lang='lat' dir='ltr'><strong>promotae</strong></span> <span class='ocrx_word' id='word_1_101' title='bbox 916 1691 969 1736; x_wconf 85' lang='lat' dir='ltr'><strong>res</strong></span> <span class='ocrx_word' id='word_1_102' title='bbox 984 1672 1139 1750; x_wconf 88' lang='lat' dir='ltr'><strong>hostium,</strong></span> <span class='ocrx_word' id='word_1_103' title='bbox 1151 1690 1192 1736; x_wconf 89' lang='lat' dir='ltr'><strong>ac</strong></span> 
     </span>
     <span class='ocr_line' id='line_1_15' title="bbox 109 1770 1191 1856; baseline -0.002 -18"><span class='ocrx_word' id='word_1_104' title='bbox 109 1771 293 1838; x_wconf 74' lang='lat' dir='ltr'><strong>dubitatum</strong></span> <span class='ocrx_word' id='word_1_105' title='bbox 308 1771 349 1834; x_wconf 90' lang='lat' dir='ltr'><strong>de</strong></span> <span class='ocrx_word' id='word_1_106' title='bbox 364 1790 491 1836; x_wconf 87' lang='lat' dir='ltr'><strong>summa</strong></span> <span class='ocrx_word' id='word_1_107' title='bbox 503 1791 610 1836; x_wconf 87' lang='lat' dir='ltr'><strong>rerum</strong></span> <span class='ocrx_word' id='word_1_108' title='bbox 624 1770 754 1838; x_wconf 83' lang='lat' dir='ltr'><strong>suisset.</strong></span> <span class='ocrx_word' id='word_1_109' title='bbox 781 1773 885 1856; x_wconf 82' lang='lat' dir='ltr'><strong>Igitur</strong></span> <span class='ocrx_word' id='word_1_110' title='bbox 900 1771 1054 1854; x_wconf 86' lang='lat' dir='ltr'><strong>Ulysses,</strong></span> <span class='ocrx_word' id='word_1_111' title='bbox 1068 1772 1191 1836; x_wconf 81' lang='lat' dir='ltr'><strong>veritos</strong></span> 
     </span>
     <span class='ocr_line' id='line_1_16' title="bbox 108 1866 1192 1953; baseline 0.001 -23"><span class='ocrx_word' id='word_1_112' title='bbox 108 1869 177 1932; x_wconf 81' lang='lat' dir='ltr'><strong>vim</strong></span> <span class='ocrx_word' id='word_1_113' title='bbox 192 1869 308 1934; x_wconf 86' lang='lat' dir='ltr'><strong>offensi</strong></span> <span class='ocrx_word' id='word_1_114' title='bbox 323 1871 504 1948; x_wconf 87' lang='lat' dir='ltr'><strong>exercitus,</strong></span> <span class='ocrx_word' id='word_1_115' title='bbox 531 1872 617 1935; x_wconf 88' lang='lat' dir='ltr'><strong>clam</strong></span> <span class='ocrx_word' id='word_1_116' title='bbox 640 1871 804 1935; x_wconf 77' lang='lat' dir='ltr'><strong>Ismarum</strong></span> <span class='ocrx_word' id='word_1_117' title='bbox 821 1871 949 1952; x_wconf 77' lang='lat' dir='ltr'><strong>aufugit</strong></span> <span class='ocrx_word' id='word_1_118' title='bbox 962 1866 996 1933; x_wconf 73' lang='lat' dir='ltr'><strong>:h</strong></span> <span class='ocrx_word' id='word_1_119' title='bbox 1018 1875 1120 1953; x_wconf 86' lang='lat' dir='ltr'><strong>atque</strong></span> <span class='ocrx_word' id='word_1_120' title='bbox 1143 1869 1192 1932; x_wconf 89' lang='lat' dir='ltr'><strong>ita</strong></span> 
     </span>
     <span class='ocr_line' id='line_1_17' title="bbox 107 1967 1192 2054; baseline -0.001 -23"><span class='ocrx_word' id='word_1_121' title='bbox 107 1967 293 2034; x_wconf 83' lang='lat' dir='ltr'><strong>Palladium</strong></span> <span class='ocrx_word' id='word_1_122' title='bbox 321 1970 410 2054; x_wconf 88' lang='lat' dir='ltr'><strong>apud</strong></span> <span class='ocrx_word' id='word_1_123' title='bbox 433 1970 633 2037; x_wconf 84' lang='lat' dir='ltr'><strong>Diomedem</strong></span> <span class='ocrx_word' id='word_1_124' title='bbox 655 1977 776 2037; x_wconf 85' lang='lat' dir='ltr'><strong>manet.</strong></span> <span class='ocrx_word' id='word_1_125' title='bbox 832 1971 913 2054; x_wconf 77' lang='lat' dir='ltr'><strong>[la]</strong></span> <span class='ocrx_word' id='word_1_126' title='bbox 935 1969 1092 2035; x_wconf 86' lang='lat' dir='ltr'><strong>Ceterum</strong></span> <span class='ocrx_word' id='word_1_127' title='bbox 1113 1974 1192 2051; x_wconf 89' lang='lat' dir='ltr'><strong>post</strong></span> 
     </span>
     <span class='ocr_line' id='line_1_18' title="bbox 106 2059 1189 2154; baseline -0.002 -22"><span class='ocrx_word' id='word_1_128' title='bbox 106 2071 302 2134; x_wconf 75' lang='lat' dir='ltr'><strong>abscessum</strong></span> <span class='ocrx_word' id='word_1_129' title='bbox 318 2070 460 2154; x_wconf 82' lang='lat' dir='ltr'><strong>Ulyssis,</strong></span> <span class='ocrx_word' id='word_1_130' title='bbox 478 2070 632 2148; x_wconf 87' lang='lat' dir='ltr'><strong>Hecuba,</strong></span> <span class='ocrx_word' id='word_1_131' title='bbox 647 2091 715 2154; x_wconf 87' lang='lat' dir='ltr'><strong>qno</strong></span> <span class='ocrx_word' id='word_1_132' title='bbox 729 2059 901 2136; x_wconf 66' lang='lat' dir='ltr'><strong>servitium</strong></span> <span class='ocrx_word' id='word_1_133' title='bbox 916 2075 1021 2134; x_wconf 88' lang='lat' dir='ltr'><strong>morte</strong></span> <span class='ocrx_word' id='word_1_134' title='bbox 1035 2068 1189 2144; x_wconf 83' lang='lat' dir='ltr'><strong>solveret,</strong></span> 
     </span>
     <span class='ocr_line' id='line_1_19' title="bbox 106 2167 1192 2257; baseline -0.004 -25"><span class='ocrx_word' id='word_1_135' title='bbox 106 2169 212 2234; x_wconf 87' lang='lat' dir='ltr'><strong>multa</strong></span> <span class='ocrx_word' id='word_1_136' title='bbox 225 2171 371 2254; x_wconf 84' lang='lat' dir='ltr'><strong>ingerere</strong></span> <span class='ocrx_word' id='word_1_137' title='bbox 386 2171 575 2248; x_wconf 85' lang='lat' dir='ltr'><strong>maledicta,</strong></span> <span class='ocrx_word' id='word_1_138' title='bbox 597 2171 840 2257; x_wconf 83' lang='lat' dir='ltr'><strong>imprecatique</strong></span> <span class='ocrx_word' id='word_1_139' title='bbox 860 2172 1004 2236; x_wconf 82' lang='lat' dir='ltr'><strong>inlausta</strong></span> <span class='ocrx_word' id='word_1_140' title='bbox 1025 2169 1137 2232; x_wconf 89' lang='lat' dir='ltr'><strong>omina</strong></span> <span class='ocrx_word' id='word_1_141' title='bbox 1157 2167 1192 2228; x_wconf 89' lang='lat' dir='ltr'><strong>iu</strong></span> 
     </span>
     <span class='ocr_line' id='line_1_20' title="bbox 105 2261 1192 2358; baseline -0.007 -22"><span class='ocrx_word' id='word_1_142' title='bbox 105 2273 306 2352; x_wconf 75' lang='lat' dir='ltr'><strong>exercitum:</strong></span> <span class='ocrx_word' id='word_1_143' title='bbox 329 2291 430 2358; x_wconf 87' lang='lat' dir='ltr'><strong>quare</strong></span> <span class='ocrx_word' id='word_1_144' title='bbox 445 2284 553 2338; x_wconf 88' lang='lat' dir='ltr'><strong>motus</strong></span> <span class='ocrx_word' id='word_1_145' title='bbox 573 2273 671 2337; x_wconf 89' lang='lat' dir='ltr'><strong>miles</strong></span> <span class='ocrx_word' id='word_1_146' title='bbox 691 2273 863 2357; x_wconf 80' lang='lat' dir='ltr'><strong>lapidibus</strong></span> <span class='ocrx_word' id='word_1_147' title='bbox 879 2272 1051 2336; x_wconf 81' lang='lat' dir='ltr'><strong>obrutam⁵</strong></span> <span class='ocrx_word' id='word_1_148' title='bbox 1073 2261 1192 2342; x_wconf 83' lang='lat' dir='ltr'><strong>necat,i</strong></span> 
     </span>
    </p>
   </div>
   <div class='ocr_carea' id='block_1_5' title="bbox 560 2466 739 2490">
    <p class='ocr_par' dir='ltr' id='par_1_5' title="bbox 560 2466 739 2490">
     <span class='ocr_line' id='line_1_21' title="bbox 560 2466 739 2490; baseline 0.011 -2"><span class='ocrx_word' id='word_1_149' title='bbox 560 2466 739 2490; x_wconf 65' lang='lat' dir='ltr'><strong>oueuoeeou</strong></span> 
     </span>
    </p>
   </div>
   <div class='ocr_carea' id='block_1_6' title="bbox 102 2588 1190 2662">
    <p class='ocr_par' dir='ltr' id='par_1_6' title="bbox 102 2588 1190 2662">
     <span class='ocr_line' id='line_1_22' title="bbox 102 2588 1190 2662; baseline -0.009 -16"><span class='ocrx_word' id='word_1_150' title='bbox 102 2602 119 2645; x_wconf 81' lang='lat' dir='ltr'><strong>t</strong></span> <span class='ocrx_word' id='word_1_151' title='bbox 136 2596 234 2660; x_wconf 86' lang='lat' dir='ltr'><strong>Delpb.</strong></span> <span class='ocrx_word' id='word_1_152' title='bbox 244 2597 384 2658; x_wconf 67' lang='lat' dir='ltr'><strong>psilen-tt</strong></span> <span class='ocrx_word' id='word_1_153' title='bbox 401 2598 465 2647; x_wconf 81' lang='lat' dir='ltr'><strong>Post</strong></span> <span class='ocrx_word' id='word_1_154' title='bbox 475 2599 581 2651; x_wconf 61' lang='lat' dir='ltr'><strong>Mem</strong></span> <span class='ocrx_word' id='word_1_155' title='bbox 591 2599 671 2649; x_wconf 77' lang='lat' dir='ltr'><strong>hebet</strong></span> <span class='ocrx_word' id='word_1_156' title='bbox 688 2597 783 2662; x_wconf 85' lang='lat' dir='ltr'><strong>Delplr.</strong></span> <span class='ocrx_word' id='word_1_157' title='bbox 792 2610 891 2657; x_wconf 80' lang='lat' dir='ltr'><strong>uocem,</strong></span> <span class='ocrx_word' id='word_1_158' title='bbox 901 2607 962 2654; x_wconf 76' lang='lat' dir='ltr'><strong>eust,</strong></span> <span class='ocrx_word' id='word_1_159' title='bbox 976 2597 1004 2640; x_wconf 88' lang='lat' dir='ltr'><strong>et</strong></span> <span class='ocrx_word' id='word_1_160' title='bbox 1020 2588 1113 2639; x_wconf 81' lang='lat' dir='ltr'><strong>mcxci</strong></span> <span class='ocrx_word' id='word_1_161' title='bbox 1131 2593 1190 2649; x_wconf 85' lang='lat' dir='ltr'><strong>port</strong></span> 
     </span>
    </p>
   </div>
   <div class='ocr_carea' id='block_1_7' title="bbox 597 2752 704 2801">
    <p class='ocr_par' dir='ltr' id='par_1_7' title="bbox 597 2752 704 2801">
     <span class='ocr_line' id='line_1_23' title="bbox 597 2752 704 2801; baseline 0 -1"><span class='ocrx_word' id='word_1_162' title='bbox 597 2752 704 2801; x_wconf 76' lang='lat' dir='ltr'>NOTAE</span> 
     </span>
    </p>
   </div>
   <div class='ocr_carea' id='block_1_8' title="bbox 100 2838 1270 4174">
    <p class='ocr_par' dir='ltr' id='par_1_8' title="bbox 100 2838 1249 3355">
     <span class='ocr_line' id='line_1_24' title="bbox 136 2838 1189 2908; baseline -0.004 -17"><span class='ocrx_word' id='word_1_163' title='bbox 136 2853 149 2878; x_wconf 61' lang='grc' dir='ltr'><strong>ε</strong></span> <span class='ocrx_word' id='word_1_164' title='bbox 167 2843 238 2891; x_wconf 79' lang='lat' dir='ltr'><strong>Nune</strong></span> <span class='ocrx_word' id='word_1_165' title='bbox 254 2840 348 2902; x_wconf 65' lang='lat' dir='ltr'><strong>limem</strong></span> <span class='ocrx_word' id='word_1_166' title='bbox 362 2841 488 2906; x_wconf 71' lang='lat' dir='ltr'><strong>inclytum]</strong></span> <span class='ocrx_word' id='word_1_167' title='bbox 509 2845 626 2908; x_wconf 77' lang='lat' dir='ltr'><strong>Suspice·</strong></span> <span class='ocrx_word' id='word_1_168' title='bbox 666 2848 706 2896; x_wconf 70' lang='lat'><strong>⁸⁰.</strong></span> <span class='ocrx_word' id='word_1_169' title='bbox 723 2843 760 2893; x_wconf 81' lang='lat' dir='ltr'><strong>nit</strong></span> <span class='ocrx_word' id='word_1_170' title='bbox 771 2842 876 2908; x_wconf 81' lang='lat' dir='ltr'><strong>Ajacem</strong></span> <span class='ocrx_word' id='word_1_171' title='bbox 893 2853 975 2907; x_wconf 86' lang='lat' dir='ltr'><strong>prope</strong></span> <span class='ocrx_word' id='word_1_172' title='bbox 990 2838 1092 2905; x_wconf 81' lang='lat' dir='ltr'><strong>Sigeum</strong></span> <span class='ocrx_word' id='word_1_173' title='bbox 1104 2839 1189 2905; x_wconf 87' lang='lat' dir='ltr'><strong>sepul·</strong></span> 
     </span>
     <span class='ocr_line' id='line_1_25' title="bbox 100 2916 817 2982; baseline -0.003 -12"><span class='ocrx_word' id='word_1_174' title='bbox 100 2923 201 2974; x_wconf 84' lang='lat' dir='ltr'><strong>bantur</strong></span> <span class='ocrx_word' id='word_1_175' title='bbox 218 2917 285 2965; x_wconf 87' lang='lat' dir='ltr'><strong>enim</strong></span> <span class='ocrx_word' id='word_1_176' title='bbox 304 2931 350 2981; x_wconf 91' lang='lat' dir='ltr'><strong>per</strong></span> <span class='ocrx_word' id='word_1_177' title='bbox 367 2932 411 2968; x_wconf 89' lang='lat' dir='ltr'><strong>eos</strong></span> <span class='ocrx_word' id='word_1_178' title='bbox 422 2917 531 2982; x_wconf 83' lang='lat' dir='ltr'><strong>Ajacem</strong></span> <span class='ocrx_word' id='word_1_179' title='bbox 548 2921 627 2972; x_wconf 88' lang='lat' dir='ltr'><strong>inter·</strong></span> <span class='ocrx_word' id='word_1_180' title='bbox 667 2927 721 2970; x_wconf 88' lang='lat' dir='ltr'><strong>tum</strong></span> <span class='ocrx_word' id='word_1_181' title='bbox 731 2916 817 2969; x_wconf 80' lang='lat' dir='ltr'><strong>fuisse.</strong></span> 
     </span>
     <span class='ocr_line' id='line_1_26' title="bbox 103 2989 1249 3061; baseline -0.009 -17"><span class='ocrx_word' id='word_1_182' title='bbox 103 2995 201 3044; x_wconf 81' lang='lat' dir='ltr'><strong>lectum</strong></span> <span class='ocrx_word' id='word_1_183' title='bbox 223 2993 311 3057; x_wconf 85' lang='lat' dir='ltr'><strong>fuisse,</strong></span> <span class='ocrx_word' id='word_1_184' title='bbox 332 2995 375 3060; x_wconf 86' lang='lat' dir='ltr'><strong>qui</strong></span> <span class='ocrx_word' id='word_1_185' title='bbox 396 3002 481 3045; x_wconf 77' lang='lat' dir='ltr'><strong>tamen</strong></span> <span class='ocrx_word' id='word_1_186' title='bbox 500 3011 528 3046; x_wconf 90' lang='lat' dir='ltr'><strong>se</strong></span> <span class='ocrx_word' id='word_1_187' title='bbox 544 2997 627 3061; x_wconf 84' lang='lat' dir='ltr'><strong>ipsum</strong></span> <span class='ocrx_word' id='word_1_188' title='bbox 697 2989 998 3058; x_wconf 79' lang='lat' dir='ltr'><strong>⁸Sepeiierrdarprccurut]</strong></span> <span class='ocrx_word' id='word_1_189' title='bbox 1015 2989 1188 3050; x_wconf 82' lang='lat' dir='ltr'><strong>Neoptolemo</strong></span> <span class='ocrx_word' id='word_1_190' title='bbox 1243 2998 1249 3014; x_wconf 79' lang='lat'><strong><em>‘</em></strong></span> 
     </span>
     <span class='ocr_line' id='line_1_27' title="bbox 103 3063 1190 3131; baseline -0.007 -13"><span class='ocrx_word' id='word_1_191' title='bbox 103 3067 211 3118; x_wconf 82' lang='lat' dir='ltr'><strong>occidit.</strong></span> <span class='ocrx_word' id='word_1_192' title='bbox 245 3067 351 3116; x_wconf 80' lang='lat' dir='ltr'><strong>Homer.</strong></span> <span class='ocrx_word' id='word_1_193' title='bbox 363 3067 483 3131; x_wconf 87' lang='lat' dir='ltr'><strong>Sophocl.</strong></span> <span class='ocrx_word' id='word_1_194' title='bbox 494 3069 571 3119; x_wconf 85' lang='lat' dir='ltr'><strong>ovid.</strong></span> <span class='ocrx_word' id='word_1_195' title='bbox 579 3073 628 3121; x_wconf 73' lang='lat' dir='ltr'><strong>&amp;a</strong></span> <span class='ocrx_word' id='word_1_196' title='bbox 666 3069 691 3119; x_wconf 88' lang='lat' dir='ltr'><strong>ld</strong></span> <span class='ocrx_word' id='word_1_197' title='bbox 701 3069 797 3118; x_wconf 84' lang='lat' dir='ltr'><strong>Noster</strong></span> <span class='ocrx_word' id='word_1_198' title='bbox 807 3067 909 3129; x_wconf 82' lang='lat' dir='ltr'><strong>tribuit,</strong></span> <span class='ocrx_word' id='word_1_199' title='bbox 920 3064 989 3131; x_wconf 86' lang='lat' dir='ltr'><strong>quod</strong></span> <span class='ocrx_word' id='word_1_200' title='bbox 1000 3063 1139 3125; x_wconf 83' lang='lat' dir='ltr'><strong>Sophocles</strong></span> <span class='ocrx_word' id='word_1_201' title='bbox 1148 3075 1190 3110; x_wconf 87' lang='lat' dir='ltr'><strong>ve·</strong></span> 
     </span>
     <span class='ocr_line' id='line_1_28' title="bbox 102 3139 917 3208; baseline -0.007 -16"><span class='ocrx_word' id='word_1_202' title='bbox 102 3144 202 3192; x_wconf 77' lang='lat' dir='ltr'><strong>Temen</strong></span> <span class='ocrx_word' id='word_1_203' title='bbox 214 3141 296 3191; x_wconf 80' lang='lat' dir='ltr'><strong>Deret</strong></span> <span class='ocrx_word' id='word_1_204' title='bbox 311 3142 441 3206; x_wconf 78' lang='lat' dir='ltr'><strong>Phrygius</strong></span> <span class='ocrx_word' id='word_1_205' title='bbox 452 3143 552 3207; x_wconf 78' lang='lat' dir='ltr'><strong>scribit,</strong></span> <span class='ocrx_word' id='word_1_206' title='bbox 564 3145 628 3208; x_wconf 76' lang='lat' dir='ltr'><strong>AJr·</strong></span> <span class='ocrx_word' id='word_1_207' title='bbox 669 3140 798 3192; x_wconf 87' lang='lat' dir='ltr'><strong>risimilins</strong></span> <span class='ocrx_word' id='word_1_208' title='bbox 808 3139 917 3190; x_wconf 76' lang='lat' dir='ltr'><strong>Teucro.</strong></span> 
     </span>
     <span class='ocr_line' id='line_1_29' title="bbox 104 3205 1188 3270; baseline -0.009 -4"><span class='ocrx_word' id='word_1_209' title='bbox 104 3233 161 3268; x_wconf 81' lang='lat' dir='ltr'><strong>ceni</strong></span> <span class='ocrx_word' id='word_1_210' title='bbox 177 3232 192 3266; x_wconf 79' lang='lat' dir='ltr'><strong>s</strong></span> <span class='ocrx_word' id='word_1_211' title='bbox 208 3217 302 3267; x_wconf 74' lang='lat' dir='ltr'><strong>Paride</strong></span> <span class='ocrx_word' id='word_1_212' title='bbox 318 3218 476 3266; x_wconf 80' lang='lat' dir='ltr'><strong>vulneratum</strong></span> <span class='ocrx_word' id='word_1_213' title='bbox 493 3218 629 3268; x_wconf 85' lang='lat' dir='ltr'><strong>interiisse.</strong></span> <span class='ocrx_word' id='word_1_214' title='bbox 699 3213 713 3246; x_wconf 81' lang='lat'><strong>¹¹</strong></span> <span class='ocrx_word' id='word_1_215' title='bbox 726 3205 1188 3270; x_wconf 69' lang='lat' dir='ltr'><strong>cumremmmanfugtr]1pseuiyr·</strong></span> 
     </span>
     <span class='ocr_line' id='line_1_30' title="bbox 103 3285 1190 3355; baseline -0.01 -13"><span class='ocrx_word' id='word_1_216' title='bbox 103 3293 147 3342; x_wconf 81' lang='lat' dir='ltr'><strong>lte</strong></span> <span class='ocrx_word' id='word_1_217' title='bbox 158 3293 350 3342; x_wconf 82' lang='lat' dir='ltr'><strong>etScboliestes</strong></span> <span class='ocrx_word' id='word_1_218' title='bbox 361 3291 502 3355; x_wconf 81' lang='lat' dir='ltr'><strong>Sophoclis.</strong></span> <span class='ocrx_word' id='word_1_219' title='bbox 670 3303 721 3351; x_wconf 87' lang='lat' dir='ltr'><strong>ses,</strong></span> <span class='ocrx_word' id='word_1_220' title='bbox 739 3289 806 3352; x_wconf 77' lang='lat' dir='ltr'><strong>apud</strong></span> <span class='ocrx_word' id='word_1_221' title='bbox 824 3287 902 3337; x_wconf 87' lang='lat' dir='ltr'><strong>Hom.</strong></span> <span class='ocrx_word' id='word_1_222' title='bbox 914 3285 966 3336; x_wconf 90' lang='lat' dir='ltr'><strong>0d.</strong></span> <span class='ocrx_word' id='word_1_223' title='bbox 978 3289 998 3333; x_wconf 87' lang='lat' dir='ltr'><strong>i.</strong></span> <span class='ocrx_word' id='word_1_224' title='bbox 1013 3288 1101 3333; x_wconf 83' lang='lat' dir='ltr'><strong>narrat</strong></span> <span class='ocrx_word' id='word_1_225' title='bbox 1120 3295 1157 3342; x_wconf 88' lang='lat' dir='ltr'><strong>se,</strong></span> <span class='ocrx_word' id='word_1_226' title='bbox 1174 3297 1190 3331; x_wconf 82' lang='lat' dir='ltr'><strong>r</strong></span> 
     </span>
    </p>

    <p class='ocr_par' dir='ltr' id='par_1_9' title="bbox 104 3355 1270 4174">
     <span class='ocr_line' id='line_1_31' title="bbox 136 3355 1189 3434; baseline -0.009 -18"><span class='ocrx_word' id='word_1_227' title='bbox 136 3367 192 3416; x_wconf 70' lang='lat' dir='ltr'><strong>‘ln</strong></span> <span class='ocrx_word' id='word_1_228' title='bbox 210 3366 318 3431; x_wconf 78' lang='lat' dir='ltr'><strong>Riroeteo]</strong></span> <span class='ocrx_word' id='word_1_229' title='bbox 339 3355 427 3430; x_wconf 80' lang='lat' dir='ltr'><strong>Trojre</strong></span> <span class='ocrx_word' id='word_1_230' title='bbox 447 3367 628 3429; x_wconf 87' lang='lat' dir='ltr'><strong>pmmontorio,</strong></span> <span class='ocrx_word' id='word_1_231' title='bbox 667 3366 743 3429; x_wconf 81' lang='lat' dir='ltr'><strong>Troja</strong></span> <span class='ocrx_word' id='word_1_232' title='bbox 771 3361 924 3434; x_wconf 71' lang='lat' dir='ltr'><strong>profpctom,</strong></span> <span class='ocrx_word' id='word_1_233' title='bbox 947 3360 1029 3412; x_wconf 84' lang='lat' dir='ltr'><strong>ventis</strong></span> <span class='ocrx_word' id='word_1_234' title='bbox 1051 3358 1189 3410; x_wconf 80' lang='lat' dir='ltr'><strong>Cicoaibnt</strong></span> 
     </span>
     <span class='ocr_line' id='line_1_32' title="bbox 105 3433 1189 3506; baseline -0.008 -15"><span class='ocrx_word' id='word_1_235' title='bbox 105 3443 160 3491; x_wconf 80' lang='lat' dir='ltr'><strong>sive</strong></span> <span class='ocrx_word' id='word_1_236' title='bbox 172 3444 279 3506; x_wconf 89' lang='lat' dir='ltr'><strong>tomulo,</strong></span> <span class='ocrx_word' id='word_1_237' title='bbox 291 3443 333 3492; x_wconf 88' lang='lat' dir='ltr'><strong>ubi</strong></span> <span class='ocrx_word' id='word_1_238' title='bbox 343 3442 402 3492; x_wconf 87' lang='lat' dir='ltr'><strong>urbs</strong></span> <span class='ocrx_word' id='word_1_239' title='bbox 413 3442 489 3492; x_wconf 82' lang='lat' dir='ltr'><strong>etlam</strong></span> <span class='ocrx_word' id='word_1_240' title='bbox 497 3440 545 3492; x_wconf 77' lang='lat' dir='ltr'><strong>fuir</strong></span> <span class='ocrx_word' id='word_1_241' title='bbox 554 3441 628 3492; x_wconf 79' lang='lat' dir='ltr'><strong>ttnoe·</strong></span> <span class='ocrx_word' id='word_1_242' title='bbox 668 3443 803 3506; x_wconf 76' lang='lat' dir='ltr'><strong>appulsum</strong></span> <span class='ocrx_word' id='word_1_243' title='bbox 826 3440 858 3490; x_wconf 84' lang='lat' dir='ltr'><strong>ad</strong></span> <span class='ocrx_word' id='word_1_244' title='bbox 868 3440 1002 3489; x_wconf 84' lang='lat' dir='ltr'><strong>-Ismarum</strong></span> <span class='ocrx_word' id='word_1_245' title='bbox 1013 3451 1020 3485; x_wconf 77' lang='lat' dir='ltr'><strong>r</strong></span> <span class='ocrx_word' id='word_1_246' title='bbox 1041 3433 1137 3484; x_wconf 73' lang='lat' dir='ltr'><strong>&#39;imiter</strong></span> <span class='ocrx_word' id='word_1_247' title='bbox 1159 3452 1189 3496; x_wconf 77' lang='grc' dir='ltr'><strong>με</strong></span> 
     </span>
     <span class='ocr_line' id='line_1_33' title="bbox 105 3509 1188 3582; baseline -0.006 -17"><span class='ocrx_word' id='word_1_248' title='bbox 105 3524 176 3566; x_wconf 86' lang='lat' dir='ltr'><strong>teum</strong></span> <span class='ocrx_word' id='word_1_249' title='bbox 195 3515 272 3564; x_wconf 79' lang='lat' dir='ltr'><strong>dieta.</strong></span> <span class='ocrx_word' id='word_1_250' title='bbox 298 3517 385 3566; x_wconf 82' lang='lat' dir='ltr'><strong>Strab.</strong></span> <span class='ocrx_word' id='word_1_251' title='bbox 406 3529 468 3568; x_wconf 73' lang='lat'>¹111.</span> <span class='ocrx_word' id='word_1_252' title='bbox 488 3516 627 3581; x_wconf 82' lang='lat' dir='ltr'><strong>‘Sequitur</strong></span> <span class='ocrx_word' id='word_1_253' title='bbox 666 3513 960 3582; x_wconf 68' lang='grc' dir='ltr'><strong><em>φέρωνᾶνεμοςκικόνεσσι</em></strong></span> <span class='ocrx_word' id='word_1_254' title='bbox 969 3511 1100 3573; x_wconf 71' lang='grc' dir='ltr'>πέλασσεν,</span> <span class='ocrx_word' id='word_1_255' title='bbox 1109 3509 1188 3571; x_wconf 70' lang='lat' dir='ltr'><strong>’lapd-</strong></span> 
     </span>
     <span class='ocr_line' id='line_1_34' title="bbox 104 3585 1187 3656; baseline -0.007 -16"><span class='ocrx_word' id='word_1_256' title='bbox 104 3591 254 3648; x_wconf 82' lang='lat' dir='ltr'><strong>Rhoeteum,</strong></span> <span class='ocrx_word' id='word_1_257' title='bbox 275 3589 335 3638; x_wconf 88' lang='lat' dir='ltr'><strong>urbs</strong></span> <span class='ocrx_word' id='word_1_258' title='bbox 361 3591 458 3642; x_wconf 83' lang='lat' dir='ltr'><strong>tumulo</strong></span> <span class='ocrx_word' id='word_1_259' title='bbox 483 3592 567 3654; x_wconf 85' lang='lat' dir='ltr'><strong>insita,</strong></span> <span class='ocrx_word' id='word_1_260' title='bbox 590 3591 626 3640; x_wconf 84' lang='lat' dir='ltr'><strong>ei·</strong></span> <span class='ocrx_word' id='word_1_261' title='bbox 665 3611 706 3656; x_wconf 73' lang='grc' dir='ltr'><strong>ρῳ.</strong></span> <span class='ocrx_word' id='word_1_262' title='bbox 722 3592 782 3642; x_wconf 86' lang='lat' dir='ltr'><strong>‘Ab</strong></span> <span class='ocrx_word' id='word_1_263' title='bbox 793 3591 842 3644; x_wconf 89' lang='lat' dir='ltr'><strong>Ilio</strong></span> <span class='ocrx_word' id='word_1_264' title='bbox 853 3604 893 3638; x_wconf 90' lang='lat' dir='ltr'><strong>me</strong></span> <span class='ocrx_word' id='word_1_265' title='bbox 906 3589 992 3638; x_wconf 85' lang='lat' dir='ltr'><strong>ferens</strong></span> <span class='ocrx_word' id='word_1_266' title='bbox 1009 3593 1101 3636; x_wconf 80' lang='lat' dir='ltr'><strong>reatus</strong></span> <span class='ocrx_word' id='word_1_267' title='bbox 1112 3585 1187 3634; x_wconf 83' lang='lat' dir='ltr'><strong>Cico-</strong></span> 
     </span>
     <span class='ocr_line' id='line_1_35' title="bbox 106 3657 1188 3731; baseline -0.007 -16"><span class='ocrx_word' id='word_1_268' title='bbox 106 3679 156 3730; x_wconf 81' lang='lat' dir='ltr'><strong>que</strong></span> <span class='ocrx_word' id='word_1_269' title='bbox 166 3662 403 3726; x_wconf 81' lang='lat' dir='ltr'><strong>contiguurlitorere</strong></span> <span class='ocrx_word' id='word_1_270' title='bbox 412 3678 496 3715; x_wconf 70' lang='lat' dir='ltr'><strong>amum</strong></span> <span class='ocrx_word' id='word_1_271' title='bbox 506 3667 626 3731; x_wconf 82' lang='lat' dir='ltr'><strong>tumulos,</strong></span> <span class='ocrx_word' id='word_1_272' title='bbox 666 3667 741 3716; x_wconf 88' lang='lat' dir='ltr'><strong>nibus</strong></span> <span class='ocrx_word' id='word_1_273' title='bbox 753 3664 875 3724; x_wconf 78' lang='lat' dir='ltr'><strong>admovit,</strong></span> <span class='ocrx_word' id='word_1_274' title='bbox 891 3663 923 3711; x_wconf 85' lang='lat' dir='ltr'><strong>ud</strong></span> <span class='ocrx_word' id='word_1_275' title='bbox 938 3658 1081 3712; x_wconf 64' lang='lat' dir='ltr'><strong>Ismarum!</strong></span> <span class='ocrx_word' id='word_1_276' title='bbox 1114 3657 1188 3707; x_wconf 83' lang='lat' dir='ltr'><strong>Cico-</strong></span> 
     </span>
     <span class='ocr_line' id='line_1_36' title="bbox 106 3731 1188 3800; baseline -0.008 -12"><span class='ocrx_word' id='word_1_277' title='bbox 106 3738 253 3790; x_wconf 80' lang='lat' dir='ltr'><strong>Aiautelum</strong></span> <span class='ocrx_word' id='word_1_278' title='bbox 281 3737 353 3800; x_wconf 81' lang='lat' dir='ltr'><strong>quasi</strong></span> <span class='ocrx_word' id='word_1_279' title='bbox 382 3737 531 3799; x_wconf 79' lang='lat' dir='ltr'><strong>Ajaceuum.</strong></span> <span class='ocrx_word' id='word_1_280' title='bbox 573 3740 626 3792; x_wconf 88' lang='lat' dir='ltr'><strong>Ubi</strong></span> <span class='ocrx_word' id='word_1_281' title='bbox 665 3755 711 3790; x_wconf 87' lang='lat' dir='ltr'><strong>nes</strong></span> <span class='ocrx_word' id='word_1_282' title='bbox 728 3746 812 3788; x_wconf 81' lang='lat' dir='ltr'><strong>sutem</strong></span> <span class='ocrx_word' id='word_1_283' title='bbox 831 3736 949 3786; x_wconf 78' lang='lat' dir='ltr'><strong>&#39;l&#39;breeine</strong></span> <span class='ocrx_word' id='word_1_284' title='bbox 971 3734 1067 3798; x_wconf 88' lang='lat' dir='ltr'><strong>populi,</strong></span> <span class='ocrx_word' id='word_1_285' title='bbox 1082 3731 1114 3782; x_wconf 85' lang='lat' dir='ltr'><strong>ad</strong></span> <span class='ocrx_word' id='word_1_286' title='bbox 1135 3732 1188 3780; x_wconf 88' lang='lat' dir='ltr'><strong>He·</strong></span> 
     </span>
     <span class='ocr_line' id='line_1_37' title="bbox 106 3808 1187 3873; baseline -0.006 -12"><span class='ocrx_word' id='word_1_287' title='bbox 106 3820 296 3864; x_wconf 86' lang='lat' dir='ltr'><strong>monumentum</strong></span> <span class='ocrx_word' id='word_1_288' title='bbox 317 3817 358 3860; x_wconf 88' lang='lat' dir='ltr'><strong>est</strong></span> <span class='ocrx_word' id='word_1_289' title='bbox 376 3809 464 3873; x_wconf 78' lang='lat' dir='ltr'><strong>Ajsclr</strong></span> <span class='ocrx_word' id='word_1_290' title='bbox 484 3819 512 3860; x_wconf 87' lang='lat' dir='ltr'><strong>et</strong></span> <span class='ocrx_word' id='word_1_291' title='bbox 533 3818 626 3862; x_wconf 76' lang='lat' dir='ltr'><strong>stetur.</strong></span> <span class='ocrx_word' id='word_1_292' title='bbox 666 3815 740 3863; x_wconf 84' lang='lat' dir='ltr'><strong>brom</strong></span> <span class='ocrx_word' id='word_1_293' title='bbox 766 3810 887 3870; x_wconf 66' lang='lat' dir='ltr'><strong>florium</strong></span> <span class='ocrx_word' id='word_1_294' title='bbox 919 3808 963 3857; x_wconf 89' lang='lat' dir='ltr'><strong>ubi</strong></span> <span class='ocrx_word' id='word_1_295' title='bbox 989 3809 1050 3858; x_wconf 85' lang='lat' dir='ltr'><strong>urbs</strong></span> <span class='ocrx_word' id='word_1_296' title='bbox 1075 3808 1187 3856; x_wconf 78' lang='lat' dir='ltr'><strong>Ismamr·</strong></span> 
     </span>
     <span class='ocr_line' id='line_1_38' title="bbox 106 3877 1270 3952; baseline -0.007 -14"><span class='ocrx_word' id='word_1_297' title='bbox 106 3889 249 3938; x_wconf 79' lang='lat' dir='ltr'><strong>Haaecum</strong></span> <span class='ocrx_word' id='word_1_298' title='bbox 266 3887 392 3937; x_wconf 85' lang='lat' dir='ltr'><strong>sublatam</strong></span> <span class='ocrx_word' id='word_1_299' title='bbox 406 3884 531 3935; x_wconf 81' lang='lat' dir='ltr'><strong>Antonius</strong></span> <span class='ocrx_word' id='word_1_300' title='bbox 548 3887 627 3936; x_wconf 82' lang='lat' dir='ltr'><strong>inAE·</strong></span> <span class='ocrx_word' id='word_1_301' title='bbox 666 3900 747 3952; x_wconf 88' lang='lat' dir='ltr'><strong>prope</strong></span> <span class='ocrx_word' id='word_1_302' title='bbox 756 3886 873 3935; x_wconf 79' lang='lat' dir='ltr'><strong>Semnum</strong></span> <span class='ocrx_word' id='word_1_303' title='bbox 884 3881 1187 3946; x_wconf 81' lang='lat' dir='ltr'><strong>flurinmsite,eregione</strong></span> <span class='ocrx_word' id='word_1_304' title='bbox 1268 3877 1270 3882; x_wconf 76' lang='grc'>’</span> 
     </span>
     <span class='ocr_line' id='line_1_39' title="bbox 106 3960 808 4028; baseline -0.006 -15"><span class='ocrx_word' id='word_1_305' title='bbox 106 3970 214 4028; x_wconf 78' lang='lat' dir='ltr'><strong>gyptum</strong></span> <span class='ocrx_word' id='word_1_306' title='bbox 224 3962 406 4017; x_wconf 77' lang='lat' dir='ltr'><strong>transtulisset,</strong></span> <span class='ocrx_word' id='word_1_307' title='bbox 414 3974 470 4011; x_wconf 78' lang='lat' dir='ltr'><strong>eam</strong></span> <span class='ocrx_word' id='word_1_308' title='bbox 480 3973 564 4008; x_wconf 87' lang='lat' dir='ltr'><strong>rursus</strong></span> <span class='ocrx_word' id='word_1_309' title='bbox 574 3960 626 4010; x_wconf 88' lang='lat' dir='ltr'><strong>Au·</strong></span> <span class='ocrx_word' id='word_1_310' title='bbox 665 3963 808 4012; x_wconf 77' lang='lat' dir='ltr'><strong>Maroneae.</strong></span> 
     </span>
     <span class='ocr_line' id='line_1_40' title="bbox 108 4030 1187 4100; baseline -0.002 -16"><span class='ocrx_word' id='word_1_311' title='bbox 108 4044 197 4100; x_wconf 78' lang='lat' dir='ltr'><strong>giratur</strong></span> <span class='ocrx_word' id='word_1_312' title='bbox 214 4037 392 4087; x_wconf 82' lang='lat' dir='ltr'><strong>Rbmteusibus</strong></span> <span class='ocrx_word' id='word_1_313' title='bbox 409 4034 533 4097; x_wconf 88' lang='lat' dir='ltr'><strong>reddidit,</strong></span> <span class='ocrx_word' id='word_1_314' title='bbox 549 4043 578 4085; x_wconf 89' lang='lat' dir='ltr'><strong>ut</strong></span> <span class='ocrx_word' id='word_1_315' title='bbox 599 4041 628 4086; x_wconf 87' lang='lat' dir='ltr'><strong>et</strong></span> <span class='ocrx_word' id='word_1_316' title='bbox 697 4031 961 4096; x_wconf 74' lang='lat' dir='ltr'><strong>¹lapidiiruoirsturt</strong></span> <span class='ocrx_word' id='word_1_317' title='bbox 971 4032 1050 4100; x_wconf 72' lang='lat' dir='ltr'><strong>meent]</strong></span> <span class='ocrx_word' id='word_1_318' title='bbox 1064 4030 1114 4082; x_wconf 85' lang='grc' dir='ltr'><strong>ΑΙίΙ</strong></span> <span class='ocrx_word' id='word_1_319' title='bbox 1124 4035 1187 4083; x_wconf 86' lang='lat' dir='ltr'><strong>scri·</strong></span> 
     </span>
     <span class='ocr_line' id='line_1_41' title="bbox 108 4107 1186 4174; baseline -0.005 -12"><span class='ocrx_word' id='word_1_320' title='bbox 108 4110 195 4162; x_wconf 83' lang='lat' dir='ltr'><strong>maltis</strong></span> <span class='ocrx_word' id='word_1_321' title='bbox 207 4111 261 4161; x_wconf 81' lang='lat' dir='ltr'><strong>aliis</strong></span> <span class='ocrx_word' id='word_1_322' title='bbox 271 4111 354 4163; x_wconf 64' lang='lat' dir='ltr'><strong>fecit?</strong></span> <span class='ocrx_word' id='word_1_323' title='bbox 386 4110 485 4162; x_wconf 82' lang='lat' dir='ltr'><strong>Plinius</strong></span> <span class='ocrx_word' id='word_1_324' title='bbox 496 4115 592 4174; x_wconf 78' lang='lat' dir='ltr'><strong>museo,</strong></span> <span class='ocrx_word' id='word_1_325' title='bbox 603 4123 629 4160; x_wconf 82' lang='lat' dir='ltr'><strong>v.</strong></span> <span class='ocrx_word' id='word_1_326' title='bbox 669 4110 744 4174; x_wconf 85' lang='lat' dir='ltr'><strong>bunt,</strong></span> <span class='ocrx_word' id='word_1_327' title='bbox 756 4108 890 4160; x_wconf 74' lang='lat' dir='ltr'><strong>Hecubam</strong></span> <span class='ocrx_word' id='word_1_328' title='bbox 901 4122 929 4158; x_wconf 85' lang='lat' dir='ltr'><strong>se</strong></span> <span class='ocrx_word' id='word_1_329' title='bbox 945 4107 971 4157; x_wconf 89' lang='lat' dir='ltr'><strong>iu</strong></span> <span class='ocrx_word' id='word_1_330' title='bbox 987 4121 1056 4160; x_wconf 79' lang='lat' dir='ltr'><strong>mere</strong></span> <span class='ocrx_word' id='word_1_331' title='bbox 1067 4110 1186 4173; x_wconf 75' lang='lat' dir='ltr'><strong>precipi-</strong></span> 
     </span>
    </p>
   </div>
   <div class='ocr_carea' id='block_1_9' title="bbox 0 0 1526 4896">
    <p class='ocr_par' dir='ltr' id='par_1_10' title="bbox 0 0 1526 4896">
     <span class='ocr_line' id='line_1_42' title="bbox 0 0 1526 4896; baseline 0 0"><span class='ocrx_word' id='word_1_332' title='bbox 0 0 1526 4896; x_wconf 95' lang='lat' dir='ltr'><strong> </strong></span> 
     </span>
    </p>
   </div>
  </div>
 </body>
</html>
