3028 4900
387 336 436 387 na
458 338 579 386 sunno
600 339 770 390 rnorsuo
793 341 864 388 urs.
887 341 926 388 ιι.
999 319 1003 324 ’
1127 325 1191 401 129

102 479 145 546 ,vi
160 479 272 545 resisti
287 483 334 542 et³
356 480 520 560 prohiberi
535 487 685 563 coeptnm
700 481 880 570 estduces
901 497 1015 547 omnes
1036 439 1344 563 injuriem“&.4„
1356 491 1378 558 ζ,

113 586 236 640 manu*
257 579 485 646 vindicandam
500 582 575 656 rati,
600 573 742 663 arreptis
764 581 861 646 aruris
883 580 1013 645 evolant
1036 580 1188 656 naribus,

112 677 303 759 incensique
318 679 367 742 ira
380 680 538 744 custodes
552 679 692 760 credere,
713 699 820 764 neque
835 681 939 744 versis
960 680 1011 746 his
1034 684 1133 762 atqua
1153 681 1189 742 in

111 774 191 856 fuga
201 783 234 822 ⁵⁰
248 795 391 857 parcere,
407 779 466 841 sed
480 780 534 864 uti,
543 781 686 862 quisque
696 779 878 861 fugientem
890 778 1190 861 comprehenderat,

112 874 314 964 obtruncare.
337 877 395 962 [2.]
409 877 546 958 Interim
560 878 602 941 ad
614 878 809 961 Telephum,
822 865 881 961 qui
895 879 993 961 primi
1006 878 1084 960 fuga
1095 877 1191 944 Grm·

112 991 168 1038 cos
182 983 364 1056 evaserant,
379 979 530 1058 veninut3
551 979 687 1048 irruisse
700 980 810 1064 mula,
819 979 965 1044 hostiurn
986 977 1103 1054 millia,
1117 995 1192 1040 eos·

111 1090 176 1152 que
185 1076 284 1140 caesis
298 1078 493 1140 custodibus
502 1079 615 1144 littora
629 1097 829 1161 occupasse;
843 1080 1117 1162 multapraeterea
1126 1076 1194 1140 sin·

109 1171 200 1250 guli⁶
221 1193 283 1255 pro
295 1181 386 1240 metu
401 1195 462 1240 suo
477 1177 669 1258 adjicientes
684 1179 848 1242 nuntiant.
899 1179 988 1242 Dein
1002 1175 1192 1257 recognita,

110 1269 280 1353 Telephus
292 1294 370 1336 cum
382 1275 437 1338 his
452 1294 538 1354 quos
553 1277 679 1336 circum
694 1295 730 1336 se
743 1277 903 1350 habehat,
924 1277 1065 1354 aliisque
1080 1275 1139 1356 qui
1157 1276 1193 1336 in

108 1389 148 1434 ea
161 1372 375 1456 festinatione
396 1372 431 1427 tc
454 1380 555 1425 unum
575 1363 715 1427 conduci
737 1368 885 1445 potuere,
908 1383 1049 1446 propere
1065 1370 1195 1433 Graecis

107 1468 241 1528 obviam
257 1465 359 1541 venit,
376 1483 417 1528 ac
437 1462 551 1531 statim
573 1462 774 1528 condensis⁷
795 1463 960 1546 utrimque
981 1463 1143 1531 frontibus
1158 1470 1193 1532 vi

107 1582 227 1644 magna
248 1564 462 1628 concurritur.
508 1562 596 1626 Dein
617 1563 665 1626 uti
686 1564 828 1646 quisque
855 1563 889 1626 iu
910 1583 1025 1630 manus
1047 1573 1192 1645 venerat,

108 1662 317 1730 interficitur.
373 1661 458 1734 oum
486 1662 619 1727 interim
644 1662 696 1726 his
725 1669 785 1727 aut
812 1661 902 1728 illis‘l
931 1683 975 1730 ex
1004 1683 1086 1729 casu
1114 1685 1194 1730 suo-

109 1784 181 1828 rnm
210 1763 387 1845 perculsis,
410 1762 633 1827 vehementius
654 1762 794 1825 invicem
815 1763 1004 1838 instaretur,
1024 1763 1192 1830 Thessan-

109 1863 239 1939 drus,*⁶
271 1883 368 1948 quern
392 1863 561 1944 Polynicis
584 1881 686 1945 supra
705 1865 972 1940 memoravimus,
997 1882 1192 1944 congressus

109 1983 184 2050 cunr
206 1962 363 2045 Telepho,
386 1965 552 2050 ictusque.
569 1964 614 2026 ab
644 1981 685 2026 eo
713 1963 816 2038 cadit,
840 1963 954 2026 multis
977 1968 1089 2028 tamen
1116 1963 1189 2028 hos·

108 2065 190 2129 tium
205 2069 280 2129 ante
302 2063 494 2138 intersectis,
507 2062 542 2126 in
556 2060 655 2146 qnis⁸
678 2061 813 2144 Telephi
834 2062 1008 2140 comitem,
1018 2081 1116 2145 quem
1130 2083 1192 2130 rex

110 2163 152 2223 oh
174 2160 368 2228 industriam
391 2161 510 2227 virium
532 2164 632 2242 atque
647 2161 776 2250 ¹ingenii
801 2160 885 2225 inter
906 2149 1012 2232 duces
1037 2161 1193 2240 habebat,

110 2269 241 2328 strenue
257 2262 472 2350 ¹dimicantem
494 2263 798 2326 obtmncaverat:⁹
825 2266 928 2342 atque
954 2261 1002 2324 ita
1030 2262 1192 2343 paulatim

109 2362 217 2424 clatus
240 2361 387 2426 secundo
407 2362 488 2425 belli
510 2369 643 2438 eventu,
667 2366 700 2424 et
721 2362 765 2424 ob
787 2361 822 2424 id
843 2362 969 2446 majora
989 2361 1115 2436 uiribus
1136 2381 1192 2446 ag·

109 2479 255 2539 gressus,
270 2461 470 2526 interficitur.
512 2461 623 2544 Atque
638 2461 709 2544 ejus
725 2469 896 2527 cruentum
913 2481 1035 2544 corpus
1050 2461 1191 2526 Diome-

110 2559 183 2638 des,
198 2561 290 2642 quod
304 2561 335 2628 ei
346 2561 415 2642 jam
431 2569 497 2624 tum
511 2580 533 2623 a
546 2558 761 2643 parentibus‘
774 2567 921 2642 coeptum
936 2580 1012 2626 cum
1026 2579 1066 2622 eo
1084 2561 1191 2624 socie-

110 2661 192 2724 tatis
207 2661 265 2743 jus
286 2660 526 2742 perseverabat,
540 2658 682 2720 humeris
697 2658 837 2720 extulit:
860 2657 961 2738 idque
982 2658 1052 2737 igni
1067 2676 1191 2721 crema·

564 2831 742 2852 emanant

107 2964 140 2999 su
150 2947 320 3010 succes-s
340 2945 433 3008 Delph.
443 2945 563 3009 Vinding.
575 2961 646 3010 aeque
657 2948 732 2996 eous
742 2949 779 2996 lu'r
790 2948 962 3009 insurgam-6
980 2945 1087 2997 omittit
1097 2946 1192 3010 Delph.

107 3027 198 3061 rocsrn
215 3009 361 3071 anguli-l
379 3009 473 3072 Delph.
494 3017 522 3058 et
539 3010 609 3074 vulg·
629 3012 782 3060 condensatis.
815 3011 879 3074 Arg.
889 3011 999 3060 condensi
1016 3011 1088 3059 aare
1106 3010 1193 3074 'quod

107 3075 207 3124 indicio
219 3083 267 3136 est,
282 3075 429 3122 emdasrutr'r
440 3073 503 3122 illud
515 3089 530 3122 a
541 3075 682 3136 glossatore
694 3075 851 3136 profectum.
883 3074 936 3123 Sed
949 3075 1154 3124 veterescimus
1164 3081 1192 3122 et

108 3139 248 3188 candescere
268 3135 396 3186 dicebaut.
429 3137 650 3186 saturaturus.
674 3137 741 3186 ‘lile
752 3135 873 3187 subsidiis
893 3137 1023 3198 principes
1042 3149 1146 3198 augere,
1164 3141 1192 3182 et

104 3201 217 3248 densere
228 3197 373 3247 frontem.''
390 3199 565 3247 Obrecht-⁴*
581 3201 664 3248 Totus
674 3201 718 3249 hic
734 3203 805 3249 locus
821 3201 860 3249 sic
871 3201 1038 3260 distinguitur
1054 3207 1082 3242 et
1099 3195 1192 3256 tegitur

107 3261 135 3310 in
146 3258 190 3308 ed.
202 3259 296 3318 Delph.
314 3259 379 3303 Detu'
391 3287 397 3301 ·
409 3290 416 3300 -
427 3261 600 3325 juterficiturr
617 3277 684 3310 cum.
696 3297 701 3310 .
713 3298 719 3312 .
729 3265 867 3311 iaceretur.
900 3263 948 3310 Sed
959 3263 983 3303 in
993 3269 1021 3304 ru
1030 3271 1110 3318 pugrru
1122 3258 1191 3308 Ther·

108 3324 217 3383 scodrus,
227 3322 315 3382 tra-8
333 3317 427 3381 Delph.
439 3319 581 3382 quibua—u
597 3323 690 3382 Delph.
701 3325 857 3368 commearat.
1120 3333 1122 3338 ·

597 3479 704 3540 NOTIE

142 3579 246 3642 ‘Aspar
256 3579 281 3626 is
291 3571 366 3641 suga]
383 3577 540 3640 Sohauditur
550 3578 631 3640 parti·
671 3579 783 3640 Trojano
801 3580 910 3642 laturre,
927 3579 1083 3642 intelligunt.
1120 3579 1192 3631 Inter

23 3659 24 3662 ’
111 3656 164 3716 cip.
178 3650 380 3712 ‘existentibus’
393 3652 418 3699 iu
430 3648 516 3714 fugam
527 3651 615 3705 versis.
672 3666 716 3702 eos
732 3653 836 3702 Servius
853 3653 886 3702 ad
905 3653 967 3702 illud
978 3655 1078 3704 AEmrr.
1096 3655 1192 3704 ‘Thes-

142 3726 222 3776 dHr's
231 3725 344 3786 catillis]
367 3726 446 3788 Lego,
463 3725 518 3773 ‘his
527 3731 554 3777 et
563 3724 630 3773 titire
672 3725 984 3790 saudrus,Stheuclusque
992 3727 1114 3790 duces,et
1122 3728 1191 3786 dirus

112 3801 158 3851 Ait
169 3802 236 3850 enirn
253 3799 361 3850 Graecos
378 3804 405 3848 et
421 3799 630 3862 Mysiossuorum
671 3800 795 3864 Ulyssest
1159 3865 1160 3868 Ἴ

106 3889 173 3926 ,casu
191 3887 323 3938 percussos
342 3880 481 3924 commotos
497 3875 631 3929 vehemen·
702 3873 713 3906 f
726 3875 749 3924 A
763 3875 908 3938 parentibus]
924 3875 1048 3938 Polynice
1058 3877 1193 3940 etl'ydec,

113 3951 164 3998 tius
175 3957 202 3999 st
213 3950 312 4011 majore
323 3949 422 4010 impetn
434 3947 552 3997 instasse.
671 3949 715 4012 qui
728 3947 832 3998 Adrasti
842 3949 907 3996 tilias
916 3949 979 3996 duas
989 3963 1079 3999 rrxcres
1088 3951 1193 4004 duxere.

147 4032 157 4056 ⁸
178 4027 347 4089 Thessmdrus]
373 4023 444 4074 Male
465 4024 545 4086 igitur
565 4023 631 4074 huuc
671 4025 768 4074 Statius
779 4036 800 4075 1.
812 4023 892 4074 Theb.
904 4022 1026 4087 Apollod.
1037 4039 1080 4076 ur.

114 4099 300 4152 Thessandrum
315 4102 449 4158 intereos,
466 4099 549 4166 quiin
566 4114 633 4166 equo

177 4178 264 4245 Delph.
273 4187 298 4230 et
312 4177 370 4230 Ver.
382 4179 445 4229 ctas.
577 4180 648 4232 Diot.
661 4161 725 4229 Cret.
856 4213 859 4217 -
1112 4177 1127 4228 1
