3036 4918
389 299 438 348 un
460 297 639 348 ursronrr
667 295 778 346 nsum
802 297 975 348 rnorlur.
1180 285 1223 350 53

129 451 259 516 idcirco
276 451 424 534 suspicer
443 449 555 528 ferrne,
580 447 729 514 libellum
743 448 843 525 hunc,
857 449 916 530 qui
941 453 1065 514 tantam
1081 467 1152 532 prae
1181 471 1219 514 se

129 552 259 617 serebat
270 552 510 636 antiquitatem,
526 558 562 617 et
583 551 701 636 inquo
726 550 818 615 varia
834 549 1018 614 Historicaa
1037 539 1117 614 'fidei
1132 569 1223 634 praa·¹

129 658 221 718 textu
237 659 457 718 memorantur
471 653 622 730 oracula,
637 652 811 730 vaticinia,
832 650 998 734 prodigia,
1013 657 1133 715 eventu
1158 671 1221 718 suo

129 753 270 831 firmata,
284 754 388 818 multa
402 754 505 818 etiam
530 754 687 822 vindictae
712 755 860 818 Deorum
878 751 1093 815 Ethnicorum
1109 751 1143 814 in
1158 754 1220 839 im7

126 855 202 936 pios
217 859 251 920 et
266 855 320 919 sni
332 859 558 920 contemtores
572 855 740 939 exempla,
754 855 861 919 veluti
873 855 910 918 in
927 851 1219 934 Agamemnonem,

126 956 185 1038 qui
207 955 329 1022 Dianae
345 976 482 1040 capram
492 957 617 1041 jaculis
629 956 829 1022 confixerat:
851 955 886 1018 in
901 953 1056 1031 Graecos,
1072 951 1221 1036 Chrysen

127 1056 332 1122 sacerdotem
346 1057 516 1141 Apollinis
531 1064 767 1141 aspernantes:
790 1059 823 1121 iu
847 1056 963 1131 Parin,
978 1055 1038 1137 qui
1052 1053 1220 1122 Achillem

126 1157 169 1220 ad
185 1177 274 1222 aram
287 1156 460 1242 Apollinis
472 1157 658 1224 occiderat:
682 1158 715 1221 iu
728 1157 869 1222 Graecos
890 1158 1022 1234 iterum,
1036 1156 1151 1220 omnia
1165 1175 1222 1220 sa·

124 1277 179 1324 cra
194 1258 349 1323 incendio
363 1257 513 1343 Trojano
528 1258 708 1336 violantes,
723 1256 818 1324 illum
834 1275 911 1340 ergo
933 1257 1082 1334 libellum
1097 1275 1119 1320 a
1134 1256 1221 1338 Sep7

121 1359 217 1423 timio
239 1366 321 1424 tunc
343 1378 384 1423 eo
405 1359 621 1441 potissimum
647 1358 761 1424 animo
790 1347 936 1436 uersum,
952 1365 991 1424 nt
1005 1359 1109 1424 veluti
1135 1359 1220 1438 anti·¹

122 1461 276 1543 quissimi
289 1461 449 1543 temporis
465 1460 675 1539 historiast)
697 1460 833 1525 homino
845 1462 991 1526 omnium
1006 1479 1114 1526 rernm
1130 1465 1223 1525 teste

121 1568 157 1626 et
171 1561 294 1625 arbitro
318 1563 522 1645 conscripta,
536 1581 577 1626 ac
600 1563 749 1627 Deorum
770 1561 984 1636 Ethnicorum
1006 1560 1217 1644 majestatem

119 1667 155 1725 et
176 1662 361 1744 potentiam
389 1669 442 1726 tot
464 1663 630 1746 exemplis
654 1683 821 1740 asserens,
846 1661 1010 1726 Historiae
1039 1663 1155 1726 Sacrae
1183 1668 1219 1724 et

119 1761 324 1828 Christianis
349 1764 385 1826 in
407 1762 505 1826 ltalia
529 1782 570 1829 ac
591 1763 674 1830 urba
688 1763 801 1828 Roma
816 1769 1051 1851 opponeretur,
1093 1758 1147 1825 Ac
1161 1779 1218 1825 ne·

119 1862 196 1926 scio
227 1881 271 1925 an
292 1861 361 1926 tale
380 1863 464 1945 quid
485 1864 519 1926 iu
541 1863 608 1928 tine
631 1862 796 1947 Epistolae
824 1862 1040 1946 Septimianae
1060 1861 1217 1940 extiterit,

119 1961 214 2046 quod
229 1961 357 2025 librarii
371 1961 528 2046 deinceps
544 1964 727 2028 Christiani
741 1965 892 2028 consulto
906 1963 1085 2028 omiserint.
1120 1961 1217 2028 Certe

118 2063 248 2146 aliquid
264 2062 361 2129 isthic
391 2063 546 2127 extitisse
572 2063 714 2142 ridetur,
739 2063 830 2147 quod
857 2064 892 2129 in
921 2062 1059 2147 legendo
1088 2063 1217 2149 Dictyn

119 2165 301 2248 Septimius
325 2163 485 2228 Rufinum
513 2171 548 2228 et
577 2164 664 2230 alios
687 2165 834 2230 lectores
860 2166 1077 2248 potissimum
1098 2172 1216 2232 notare

118 2265 277 2330 voluerit.

166 2380 323 2430 xxxvrr.
347 2365 561 2452 Quapropter
579 2367 668 2433 haud
681 2366 731 2431 itu
745 2365 847 2431 facile
861 2364 1058 2430 accesserim
1073 2362 1215 2446 Vossio,

118 2463 177 2549 qui
199 2467 399 2550 Septimium
421 2470 580 2534 ‘saeculis
601 2469 733 2552 aliquot
762 2474 843 2550 post
865 2466 1075 2548 Constantini
1102 2485 1214 2534 aarum

117 2567 248 2632 vixisse
263 2567 400 2645 censet,'
422 2569 483 2632 sed
497 2569 598 2630 nullis
621 2567 722 2647 plane
747 2567 932 2626 rationibus
953 2567 989 2628 in
1002 2563 1150 2630 medinm
1164 2567 1215 2632 al·

117 2665 208 2731 latis.
250 2665 273 2730 J
276 2666 368 2728 osias
383 2663 559 2727 Meroerus
579 2671 661 2743 post
675 2663 932 2726 Constantinum
950 2681 1085 2744 quoque
1110 2666 1215 2747 scrip·

118 2769 207 2830 sisse
222 2769 334 2846 putat,
348 2763 408 2828 sed
424 2761 512 2826 futili
525 2779 663 2846 prorsus
678 2767 881 2843 argumento,
897 2761 979 2844 quia
994 2763 1069 2826 scil.
1082 2764 1116 2827 in
1130 2764 1214 2829 Pro-

117 2866 198 2952 logo
220 2864 306 2928 liber
325 2863 421 2928 hicce
440 2869 591 2946 ternpore
605 2851 755 2926 Neronis
770 2862 922 2926 inventus
938 2861 983 2927 ad
999 2861 1109 2930 crare
1124 2862 1214 2930 Gon-

117 2966 263 3030 sularem
289 2964 445 3048 perlatus'
464 2963 595 3042 dicitnr,
609 2981 687 3047 qua*
702 2961 938 3028 Consularium
962 2965 996 3028 in
1018 2963 1213 3034 Provinciis

117 3065 302 3151 appellatio
318 3084 340 3128 a
353 3063 569 3132 Constantino
584 3063 627 3128 sit
641 3064 799 3148 profecta.
844 3063 912 3127 Sed
927 3063 1048 3152 salsum
1062 3065 1214 3132 hocesse

116 3168 231 3232 multis
263 3166 421 3250 probavit
456 3164 602 3229 Merceri
619 3183 715 3246 gener
751 3163 914 3230 Claudius
950 3165 1140 3230 Salmasius
1163 3167 1211 3230 ad

118 3267 283 3350 Spartiani
306 3266 517 3332 Hadrianum
541 3286 572 3332 c.
585 3265 639 3330 22.
663 3273 698 3333 et
716 3266 789 3350 jam
803 3271 879 3330 ante
892 3265 980 3331 hunc
994 3265 1107 3332 Guido
1123 3267 1211 3332 Pau·

118 3368 251 3432 cirollus
266 3367 309 3431 ad
325 3363 492 3432 Notitiam
509 3367 648 3450 Imperii
664 3366 812 3432 Orientis
826 3367 902 3431 155.

159 3483 339 3532 xxxvrrr.
362 3466 480 3548 Longe
494 3475 605 3532 autem
621 3471 751 3552 turpius
766 3488 801 3532 se
815 3468 986 3554 dedithuc
1001 3470 1036 3533 in
1050 3490 1084 3534 re
1098 3471 1210 3554 Gasp,

118 3569 302 3651 Scioppius
331 3565 522 3656 Paradoxis
545 3569 719 3634 Literariis
746 3569 811 3653 Ep.
825 3571 856 3634 5.
878 3571 935 3634 nbi
956 3570 1042 3634 hanc
1065 3571 1210 3652 Dictyos

117 3665 304 3752 Historiam
319 3669 387 3732 ‘ad
403 3667 591 3735 Cornelium
606 3669 775 3755 Nepotem
789 3676 824 3734 et
837 3670 912 3754 eJus
926 3663 1003 3754 styli
1019 3670 1211 3735 similitudi·

116 3777 194 3836 u'em
220 3770 372 3853 proxime
395 3767 576 3834 accedere'
597 3771 658 3848 ait,
672 3776 708 3833 et
730 3771 889 3834 ‘omnino
918 3766 1055 3846 Velleii,
1079 3768 1209 3836 Valerii

116 3869 273 3952 Maximi,
287 3875 320 3935 et
334 3868 439 3934 Curtii
454 3874 551 3934 aetate
574 3869 618 3933 ab
633 3870 797 3950 elegantis
819 3867 1087 3957 iugeniihomino
1101 3871 1208 3954 scrip·

115 3969 201 4052 tam'
217 3968 399 4052 contendit.
448 3967 590 4033 Videtur
603 3988 680 4052 ergo
695 3974 730 4034 et
742 3969 800 4032 ille
814 3968 1038 4046 existimasse,
1052 3987 1118 4034 uon
1131 3990 1207 4042 esse

117 4089 247 4140 uersam
276 4089 322 4136 ex
346 4068 481 4147 Graeco,
498 4069 558 4133 sed
585 4070 706 4136 Latine
729 4070 885 4156 primitus
909 4072 1141 4156 compositam,
1171 4074 1207 4162 id
