3036 4918
368 304 622 358 unumunurn
648 307 755 366 auum
779 307 953 364 τιοιιιιι.
1156 301 1200 369 57
1303 343 1305 350 >

106 452 237 544 'quem
262 469 390 542 gratum
417 451 663 543 acceptumque
687 463 721 526 in
746 459 918 527 exercitu?
960 461 1112 533 Ceterum
1133 469 1199 535 hoc

106 562 189 626 loco
204 561 309 644 agitur
322 561 364 624 de
377 556 500 637 amore,
514 573 583 626 non
598 580 669 644 quo
679 560 878 630 Palamedes
889 566 1070 632 exercitum
1082 587 1198 650 prose·

110 665 285 745 quebetur,
300 662 358 726 sed
372 683 441 747 quo
451 663 631 728 exercitus
644 664 766 747 ipsum,
782 665 874 746 ‘regi
890 666 933 730 ab
949 685 990 730 eo
1005 670 1154 750 cupiens,
1165 680 1198 738 et

107 763 304 828 tradendum
330 765 362 827 ei
384 757 558 847 imperium
581 763 879 848 palnm'loquens.'
923 766 992 830 Hic
1015 786 1108 832 emor
1123 789 1198 836 eum

106 859 350 946 Agamemnoni
364 871 604 947 suspectum‘et
618 865 764 931 inuisum
779 865 951 932 reddebat.

151 981 192 1028 ιι.
207 963 262 1030 21.
297 962 422 1043 ‘Quod
449 966 558 1030 amice
587 967 770 1049 impetrare
796 969 970 1051 nequitum
998 967 1074 1036 est.'
1115 971 1199 1056 Ipse

105 1064 298 1148 syntaxeos
312 1063 552 1132 Grammaticee
567 1067 655 1130 ratio
674 1067 838 1149 postulat,
853 1075 891 1132 nt
904 1069 1054 1150 legamus
1072 1072 1200 1156 ‘impc-

101 1163 208 1230 -t'reri’
250 1165 340 1231 Vide
361 1168 499 1231 omniuo
531 1166 670 1232 Festum
699 1170 735 1233 in
757 1170 976 1252 ‘nequitum’
995 1173 1054 1238 nbi
1076 1180 1200 1256 preater

104 1265 249 1332 Pacuvii
270 1275 306 1331 et
319 1266 445 1332 Plauti
466 1257 556 1344 loca,
571 1269 674 1332 ctiam
698 1268 773 1334 haec
798 1268 939 1334 Catonis
962 1270 1072 1338 Prisci
1094 1275 1200 1339 verba

102 1370 227 1433 uostris
243 1367 483 1452 similiaplane
500 1368 669 1452 reperies3'
685 1371 696 1409 ⁸
705 1368 748 1434 Id
768 1370 884 1434 fenum
909 1372 1079 1454 nequitum
1095 1393 1198 1440 exau-

102 1469 237 1553 gurari?
258 1487 260 1492 ·
280 1469 379 1536 Adde
407 1470 519 1539 Plaat.
543 1468 635 1542 Rud.
658 1487 709 1537 ιν.
722 1473 754 1539 4.
767 1472 821 1538 20.
844 1476 855 1516 -‘
866 1471 913 1538 Ut
934 1475 1087 1559 nequitur
1110 1495 1198 1542 com·

102 1571 229 1654 premu'

147 1691 190 1738 ιι.
212 1675 266 1739 26.
289 1673 453 1758 ‘Egregie
477 1673 615 1742 hercule
641 1682 753 1766 ectum
775 1677 873 1742 uobis
886 1677 962 1745 est!
1003 1677 1197 1744 Borricblus

93 1775 168 1839 boc
183 1775 493 1858 explicat,'‘actum
516 1778 713 1856 nobiscnm:
735 1780 872 1843 etinter
893 1777 1018 1842 iudicia
1032 1777 1198 1862 sequioris

100 1873 338 1940 estatisreiert.
382 1877 455 1958 Ego
477 1897 555 1946 vero
578 1878 784 1945 librariorum
798 1878 885 1944 banc
899 1898 976 1943 esse
999 1878 1133 1962 culpam
1147 1895 1199 1942 ur·
1305 1917 1307 1924 ,

100 1976 218 2064 bitror,
239 1993 307 2042 non
334 1975 488 2059 Septimii
509 1978 628 2061 ipsius,
650 1981 710 2062 qni
737 1980 882 2064 scripsit,
904 1980 1034 2063 opinor,
1062 1985 1197 2044 ‘actum

100 2074 225 2156 vobis,'
239 2095 351 2160 pro,a
372 2077 484 2154 vobis,
503 2077 592 2144 haud
614 2078 712 2150 dubie
726 2079 805 2163 quia
825 2087 994 2163 repererat
1013 2081 1049 2144 in
1064 2079 1199 2155 Graeoo,

98 2184 224 2256 Καλῶς,
235 2181 279 2260 pal
289 2175 360 2258 Ala,
371 2173 533 2263 πέπρακται
549 2179 622 2260 ὑμῖν.
659 2179 777 2246 Sedet
792 2180 905 2252 Latini
920 2179 1029 2243 solent
1040 2178 1199 2243 Dalivuln

100 2283 154 2344 ita
165 2280 303 2361 jungere
316 2279 473 2364 passivis.
517 2278 654 2344 Sueten.
667 2277 757 2361 Aug.
769 2279 801 2344 l.
817 2276 911 2342 ‘Ara
927 2277 1071 2342 Octavio
1083 2296 1200 2344 couse-

105 2379 227 2458 crata,’
248 2379 337 2444 (laes.
347 2381 401 2446 19.
421 2378 557 2462 ‘Opere
572 2380 794 2465 optimatibus
809 2379 888 2444 deta
904 2379 979 2444 est?
1010 2372 1094 2446 Tac.
1108 2378 1198 2447 nnn.

102 2495 187 2544 xiv.
202 2482 256 2545 14.
276 2479 402 2560 ‘Quod
416 2475 570 2563 Regibus
585 2482 774 2547 factitatum
787 2479 1015 2546 memorabat!
1053 2505 1060 2512 ·

97 2571 100 2580 ’
137 2598 187 2648 ιι.
201 2581 255 2646 31.
276 2581 432 2646 ‘cuncte
445 2589 597 2642 extrema
609 2587 703 2643 retus
718 2581 863 2661 experiri
873 2578 892 2656 ;'
913 2579 981 2640 boc
995 2583 1059 2654 est,
1073 2585 1196 2644 certus.

101 2683 303 2766 Sed-putem
317 2679 492 2762 scripsisse
501 2676 709 2758 Septimium,
722 2674 899 2757 ‘paratus'

148 2795 193 2844 ιι.
212 2763 268 2845 ll.
303 2777 314 2813 ‘
326 2776 472 2860 Campo*
499 2777 558 2859 qui
582 2775 728 2858 reliquus
749 2793 816 2840 non
843 2791 965 2858 pugnae
990 2781 1199 2857 opportunus

100 2881 198 2948 crat?
240 2878 384 2944 Videtur
394 2875 670 2960 legendum,'‘qui
684 2875 845 2961 reliquus,
859 2891 921 2940 nec
936 2891 1059 2958 pugnae
1075 2895 1198 2960 oppor-

99 2977 324 3050 tunuserac’.
429 2997 433 3004 ·
508 2977 511 2984 ’
553 2975 578 2993 ”

147 3076 268 3150 11:412.
291 3081 410 3162 ‘Quos
424 3081 555 3166 primns
573 3079 685 3148 hostis
706 3075 910 3144 incesserat!
954 3077 1044 3159 Lege
1060 3082 1194 3146 omnino

103 3185 275 3269 ‘primos'
287 3181 289 3184 ’
301 3185 466 3268 Sequitur
479 3185 564 3251 enim
577 3199 671 3259 mox,
686 3182 698 3216 ‘
702 3180 836 3266 jamque
849 3178 948 3258 fusis,
962 3180 1023 3262 qui
1038 3180 1074 3243 in
1087 3178 1199 3245 medie

14 3321 15 3360 3
101 3288 234 3370 erent?
253 3280 385 3352 scilicet
397 3286 481 3350 inter
495 3283 623 3368 primos
637 3290 674 3348 et
683 3288 884 3366 postremos.

85 3425 88 3433 ·
147 3407 189 3454 ιι.
209 3389 264 3454 to.
283 3392 296 3425 ‘⁸
308 3387 357 3453 Ut
370 3404 535 3471 quemque
557 3402 633 3454 sors
648 3380 929 3466 conglobaverat?
972 3383 1028 3463 Et,
1043 3386 1105 3450 ‘ad
1119 3405 1198 3470 pos·

105 3500 256 3570 tremum,
269 3491 320 3555 uti
343 3488 494 3574 quidque
506 3473 581 3556 ¹'sors
600 3485 750 3562 dederat,
770 3483 985 3570 praeripibnt’
1030 3484 1199 3552 Notaruut

102 3611 233 3669 omues,
246 3593 290 3656 ab
302 3590 468 3675 Septimio
490 3590 662 3674 diiigenter
679 3589 805 3660 lectum
825 3605 902 3652 csse
921 3583 1134 3662 Sallustium,
1149 3590 1199 3649 at·

103 3709 173 3777 que
190 3700 396 3776 expressum.
440 3687 507 3759 Ille
521 3705 604 3757 uero
618 3689 705 3754 hunc
726 3687 761 3752 in
787 3704 919 3750 sensum
933 3681 1063 3766 passim
1078 3687 1112 3748 ct
1123 3684 1198 3746 ubi·

100 3811 172 3876 que
187 3791 291 3858 ‘sors'
301 3785 454 3868 adhibet
465 3789 545 3872 lug.
559 3789 613 3855 51.
632 3786 744 3852 ‘Fors
758 3787 871 3849 omnia
884 3782 1016 3868 regere‚'
1030 3781 1084 3846 78.
1113 3785 1123 3816 ‘
1138 3781 1198 3848 Uti

105 3897 174 3963 lere
185 3885 286 3972 tulit:
298 3895 353 3960 97.
367 3887 470 3976 plane
481 3897 520 3954 nt
532 3890 601 3965 bic,
617 3885 852 3961 ‘Cetei-vatim,
866 3883 915 3946 nti
927 3879 999 3945 sors*
1013 3878 1196 3964 conglobe-

103 4003 208 4078 verat,
236 3997 272 4062 in'
297 4001 432 4060 nostros
460 3986 652 4055 incurrunt?
696 3985 821 4077 Noster
850 3981 950 4062 etiam
977 3980 1064 4046 infra
1081 3997 1120 4046 v.
1139 3983 1191 4063 ¹12,

105 4097 258 4166 ‘cadere
285 4115 358 4174 cos,
376 4109 466 4177 quos
491 4088 564 4160 sors
591 4081 780 4170 objecerat!
823 4080 892 4147 Sed
912 4085 948 4152 ct
969 4081 1004 4148 in
1026 4080 1193 4171 plerisque
