3044 4896
326 288 390 356 eta
436 301 596 352 nterros
611 297 818 352 caurensis
836 297 884 345 un
903 295 1022 345 rucco
1035 293 1208 344 raorarm
1225 293 1300 344 mn.
1319 295 1373 342 ιιι.

327 443 691 527 alioveconsanquineo
700 435 1418 523 cemerotnonacceptamtameu,soloom·

326 546 419 610 niam
432 545 631 610 adamante
647 541 838 608 Antenore:
861 542 920 624 qui
945 541 1043 605 initio
1065 543 1144 623 post
1158 537 1349 602 Alexandri
1370 559 1418 603 re·

326 645 445 722 ditum,
466 645 573 712 lilium
597 663 694 710 suum
717 642 907 718 Glaucum,‘
932 640 1020 725 quod
1039 639 1114 723 ejus
1142 639 1340 704 comitatum
1368 659 1420 704 se-

327 753 424 812 cutus
451 755 536 824 erut,
555 744 780 810 abdicandam
805 761 827 808 a
852 743 1029 826 penatibus
1049 741 1121 804 suis
1145 739 1418 816 deurerentur

217 865 220 872 ’
328 847 419 913 dorni
433 847 597 930 bellique⁷
620 843 920 928 prudentissimus:
943 848 1087 907 ceterum
1102 841 1181 917 sibi,
1195 842 1357 924 quoniam
1374 842 1419 905 ita

327 967 382 1012 rca
410 953 549 1024 ruerent,
579 944 824 1028 optatissimum
853 942 1124 1027 appropinquare
1150 947 1277 1006 naturae
1308 941 1417 1019 finem,

328 1047 464 1112 omissis
472 1047 544 1129 jtam
559 1047 650 1128 regni
664 1045 897 1127 gubernaculis
913 1051 1015 1128 etque
1029 1061 1129 1106 cura:
1151 1047 1277 1106 tantum
1292 1061 1366 1105 sese
1382 1045 1417 1106 in

329 1145 484 1212 Hecubae
497 1145 707 1228 filiarumque
722 1146 953 1211 recordatione
967 1144 1119 1220 cruciari,
1135 1161 1219 1226 ques
1233 1149 1312 1226 post
1325 1143 1418 1208 exci-

329 1245 419 1312 dium
434 1248 552 1331 patriae
567 1248 731 1330 captivas,
746 1247 907 1312 incertum
922 1245 1021 1330 cujus
1041 1244 1169 1308 domini
1191 1244 1318 1307 lestus⁸
1346 1263 1419 1307 ma-

328 1355 448 1414 nerent.
477 1343 571 1426 '[27.]
595 1347 679 1411 Dein
694 1349 804 1411 omnia
818 1366 895 1431 qnae
918 1346 962 1411 ad
986 1343 1211 1410 redimendum
1234 1343 1338 1408 tilium
1361 1345 1420 1412 atl-
1507 1351 1508 1354 ’

329 1453 427 1513 vecta
440 1445 558 1523 erent·
571 1449 648 1510 ante
662 1453 880 1526 conspectum
892 1445 1030 1529 juvenis
1046 1445 1171 1528 exponi
1186 1444 1350 1525 imperat:
1377 1462 1419 1506 ex

227 1595 231 1602 .
329 1547 417 1630 quia,
431 1545 590 1628 quicquid
604 1547 675 1610 auri
690 1551 792 1628 atque
808 1548 933 1629 urgenti
947 1547 1022 1623 tuit,
1038 1546 1110 1610 tolli
1129 1542 1280 1609 Achilles
1303 1544 1418 1625 jubet:

329 1645 433 1708 vestis
448 1645 560 1720 etiam,
574 1643 709 1728 quodsi
724 1645 831 1709 visum
844 1653 904 1724 est,
929 1646 1063 1729 reliquis
1086 1647 1121 1710 in
1144 1663 1246 1709 uuum
1270 1638 1419 1708 collectis

330 1744 538 1829 Polyxenam
552 1744 667 1823 donat,
690 1753 725 1811 ot
739 1743 881 1812 cadaver
896 1746 1004 1812 tradit.
1048 1745 1128 1826 Quo
1141 1753 1287 1828 recepto,
1314 1763 1374 1808 rex
1388 1746 1420 1807 in

329 1847 509 1930 gratiamne
528 1847 693 1928 impetrati
716 1846 853 1924 saneris,
876 1866 919 1910 an
942 1847 973 1909 si
996 1846 1075 1929 quid
1102 1844 1216 1929 Trojm
1242 1845 1420 1920 accideret,

331 1965 468 2010 securus
477 1947 551 2030 jam
560 1946 662 2023 tiliae,t
675 1947 852 2028 amplexus
863 1943 1006 2010 Achillis
1021 1965 1138 2026 genua,
1149 1949 1221 2009 orat
1233 1945 1282 2007 uti
1292 1943 1421 2027 Polyx·
1507 1973 1508 2008 1

331 2064 429 2110 enam
443 2047 618 2132 suscipiat,
638 2047 770 2131 sibique
793 2047 930 2111 habeat:
953 2066 1055 2130 super
1068 2066 1145 2130 quae
1165 2045 1301 2129 juvenis
1327 2045 1420 2110 eliud
1507 2039 1508 2106 Ϊ

331 2153 474 2229 tempus,
490 2154 588 2232 atque
604 2150 707 2214 alium
722 2148 848 2225 locum,
873 2153 1116 2231 tractatumque
1140 2147 1211 2211 fore
1232 2146 1420 2229 respondit;
1507 2149 1508 2152 ’

330 2247 460 2311 interim
474 2268 547 2314 cum
560 2269 601 2314 eo
615 2251 734 2316 reverti
743 2249 864 2334 jubet.¹¹
908 2249 962 2313 lta
977 2249 1130 2313 Priamus
1141 2257 1277 2330 recepto
1292 2247 1420 2311 Hecto-
1507 2319 1508 2322 Ἴ

329 2346 375 2408 ris
391 2348 565 2424 cadavere,
580 2367 789 2432 ascensoque
802 2348 1054 2425 vehiculo‚cum
1070 2349 1134 2428 his,
1144 2349 1202 2431 qui
1218 2369 1256 2430 se
1270 2347 1420 2412 comitati

332 2453 439 2524 erant,
454 2446 498 2511 ad
513 2447 648 2531 Trojam
663 2447 757 2512 redit.

786 2575 966 2602 euentum

363 2683 378 2726 7
398 2676 494 2742 Delph.
505 2677 615 2742 teneque,
627 2685 652 2728 et
664 2693 723 2728 mox
734 2679 827 2743 legitur
837 2695 862 2730 se
874 2695 921 2745 pro
933 2685 1040 2731 rere.-8
1058 2681 1154 2746 Delplr.
1163 2683 1337 2732 descisceret.

823 2822 928 2873 NOTAE

329 2914 386 2963 'l'ali
398 2927 444 2974 pro
454 2913 561 2963 muliere
570 2914 649 2962 multo
660 2921 775 2977 tempore
784 2914 855 2964 tlolo·
895 2917 954 2966 burn
968 2917 1077 2965 Servitlo
1088 2917 1181 2974 enixae,
1193 2920 1315 2969 tulimus-³

330 3004 372 3039 rer
395 2991 459 3053 pati,
480 2987 563 3038 Valde
581 2991 649 3038 euim
669 2991 855 3039 immortalibus
927 2979 1190 3057 tSecrrrtrsy’norfilie]
1217 2994 1421 3044 Attendamus

331 3065 435 3116 Deabus
449 3065 520 3114 vnltu
540 3065 629 3113 similis
645 3063 704 3114 est!
737 3065 801 3114 eum
819 3064 854 3113 lc·
894 3065 1029 3128 Polyxena
1045 3067 1182 3130 quieqtmm
1200 3081 1285 3133 neque
1302 3069 1420 3118 Priame·

330 3154 388 3191 cum
400 3140 509 3204 pessime
521 3139 608 3189 reddit
624 3135 769 3202 interpres.
802 3137 854 3189 Ae·
895 3154 979 3205 neque
991 3141 1114 3204 Acffilleq
1131 3150 1159 3190 nt
1171 3143 1226 3207 ejus
1243 3156 1349 3194 securus
1365 3157 1420 3198 erre

331 3219 493 3270 tluuttameu
510 3218 586 3268 iidem
604 3231 687 3268 senet.
721 3215 798 3266 Ἀλλὰ
816 3217 855 3266 real
896 3217 978 3281 possit
991 3216 1119 3268 Primnum
1152 3220 1231 3268 Certe
1248 3219 1421 3270 lricmendura

330 3293 369 3348 ὣς,
381 3293 564 3355 τοίηπερέιιῦέ,
576 3291 783 3354 inmodulata,
795 3295 855 3352 Mqi'
896 3298 944 3341 err.
976 3293 1054 3354 Lego,
1071 3294 1193 3341 ‘eecurtta
1210 3293 1264 3356 Jatn
1280 3293 1342 3343 titii!
1374 3293 1422 3343 Ait

329 3367 385 3426 ἡμῖν
401 3365 511 3414 τεκέεσσί
527 3367 548 3414 τ’
564 3366 654 3415 ὀπίσσω
670 3369 735 3426 πῆμα
751 3366 854 3419 λίποιτο.
896 3366 996 3430 Dictys,
1012 3369 1143 3417 Priamum
1158 3369 1354 3432 genuurlclrillir
1367 3383 1452 3418 am·.
1507 3397 1508 3400 =

328 3441 397 3490 ‘Setl
409 3448 436 3490 et
447 3441 485 3488 sic
497 3441 584 3497 etiam,
602 3443 659 3489 talis
678 3443 792 3503 quamvis
811 3457 855 3490 ex·
895 3441 999 3502 plexum
1018 3441 1106 3504 saitae,
1124 3443 1250 3494 incertum
1262 3459 1293 3493 an
1311 3452 1422 3507 propter

329 3516 445 3566 intensio
458 3516 563 3564 navibus
576 3514 662 3575 obeat,
678 3516 770 3577 Neque
783 3517 854 3565 nohis
895 3515 1060 3577 impetratum
1072 3519 1135 3582 eyes
1155 3518 1247 3580 funum
1264 3520 1287 3568 ei
1304 3520 1372 3568 eninr
1385 3519 1421 3568 A·

329 3592 440 3658 filiisque
463 3592 489 3641 lu
521 3599 651 3655 porterum
673 3589 853 3642 detrimentum
894 3591 1182 3643 clrilleadiesnudecim
1202 3593 1311 3644 Hectori
1328 3595 1421 3658 sepeli·

330 3667 476 3732 relinquat.’
894 3665 961 3715 eudo
973 3675 1138 3718 concesserat
1149 3684 1157 3728 ;
1173 3683 1205 3718 an
1217 3675 1324 3731 propter
1336 3670 1421 3719 reddi·

362 3743 471 3792 rFiliam
482 3757 548 3791 saum
562 3742 687 3806 Glaucam]
702 3742 799 3791 Nescio
810 3757 854 3791 ιιιι-
895 3750 949 3791 tam
969 3741 1013 3791 filii
1030 3739 1151 3800 cadaver,
1168 3759 1217 3806 quo
1232 3748 1349 3805 recepto,
1364 3746 1421 3807 ejus

331 3815 362 3864 tle
375 3817 423 3865 lroc
435 3818 539 3881 Dictys.
891 3819 943 3882 jam
956 3833 1060 3868 securus
1071 3826 1128 3868 erat
1146 3819 1272 3876 Priamus,
1291 3815 1420 3882 quicquid
1444 3873 1447 3880 ,

361 3891 669 3956 'Fusias18nparlriam
702 3891 808 3955 Optime
820 3904 852 3938 ex
893 3896 1125 3958 Trojmacclderet.

331 3962 423 4024 virgil.
432 3979 477 4013 ιιι.
489 3967 546 4015 AEn.
557 3969 564 3994 ‘
576 3968 639 4023 Nos,
650 3968 732 4030 patria
740 3969 852 4026 incensa,
924 3978 935 4002 ¹¹
955 3970 1050 4020 Reverti
1063 3969 1144 4033 jubet]
1169 3968 1330 4030 Polyxenam
1351 3971 1419 4020 seill-

330 4033 431 4082 ‹liversa
443 4053 490 4098 per
502 4055 607 4103 aequora
618 4041 708 4097 recte,
717 4044 808 4107 Stirpis
818 4043 851 4094 Ar
893 4053 943 4094 tet.

332 4105 432 4155 enitteae
454 4109 547 4168 fastus,
566 4114 738 4180 juvenemque
761 4131 849 4180 super·
