3044 4896
299 387 301 390 Ι
403 317 451 366 uu
477 318 595 366 suano
618 317 788 369 rnorrsc
811 323 884 373 urs.
909 327 941 376 v.
1146 316 1209 384 nst

111 459 163 524 ad
190 476 273 524 suos
295 457 446 540 ¹quisque
475 460 609 524 meunt.
661 459 818 530 Ceterum
845 464 977 530 barbari
1002 459 1208 536 murem

121 563 257 626 summis
274 558 388 624 efferre
408 559 579 634 laudibus,
594 551 822 631 udreuleutmr
842 565 966 648 singuli
978 571 1079 654 quusi
1095 573 1208 636 Deum

120 661 284 727 rmum:
306 660 414 724 solum
443 660 569 744 quippe
590 661 738 728 omniurn
756 665 894 734 credere
913 677 1084 734 auctorem
1111 674 1208 754 pecie

117 761 201 846 ejus,
215 762 400 844 eoitmqne⁷
422 779 501 824 corn
513 761 643 828 uram
664 763 835 830 omicida.
878 767 933 830 ltu
943 770 1052 851 sopito
1065 772 1135 854 Jum
1149 793 1209 838 ser·
1228 821 1233 830 .

119 863 196 928 inde
208 863 307 939 bello,
320 861 445 944 passim
457 861 511 926 uti
526 864 666 948 quisqu
675 866 823 946 μαῖαι
834 867 1002 946 voluerut,
1015 889 1105 936 nuuc
1114 871 1208 942 Gum-

120 966 152 1028 oi
179 983 256 1028 cum
275 962 652 1047 'immensumque
673 963 709 1026 iri
729 964 820 1046 apud
847 983 953 1030 uaros
974 972 1082 1035 amice
1103 991 1209 1054 ugare.
1292 955 1294 960 ’

120 1068 254 1132 Interim
269 1063 446 1138 ubiioedus
456 1065 689 1138 intervenerat,
698 1063 1031 1132 cunctiburbarorum
1043 1071 1139 1147 socii,
1149 1072 1208 1154 qui

118 1168 209 1232 bello
221 1164 346 1230 residui
356 1169 462 1242 erant,
476 1163 678 1245 gratulantes
688 1165 869 1228 interventu
878 1169 976 1247 pacis
985 1169 1029 1233 ad
1044 1188 1127 1234 suos
1140 1173 1208 1238 dis·

119 1267 251 1346 eodm,
269 1283 313 1330 ne
335 1263 545 1348 opperientes
566 1262 699 1346 quidem
713 1266 852 1346 praemiu
866 1271 1030 1332 mutorum
1045 1269 1208 1336 discrimi-

119 1383 198 1434 num
212 1372 314 1448 elque
328 1381 559 1440 erumnarum,
574 1363 703 1428 scincet
722 1365 883 1442 ruritius
899 1385 967 1449 qua
977 1376 997 1402 ¹¹²
1020 1371 1109 1450 poeti
1123 1370 1207 1436 fides

118 1469 209 1552 apud
222 1467 381 1532 barbaros
396 1465 640 1531 dissolveretur.
673 1463 756 1547 [la]
776 1465 914 1530 Interim
930 1469 1020 1552 opud
1032 1487 1146 1548 naves,
1159 1473 1209 1536 uti

121 1569 257 1634 Heleno
277 1567 458 1650 placuerat,
472 1583 579 1647 equus
601 1565 781 1630 tabulatisn
801 1569 985 1634 exstruitur
1005 1587 1064 1653 per
1085 1570 1207 1654 Epium

118 1667 348 1734 fabricatorem
362 1666 440 1748 ejus
453 1666 562 1748 operis
570 1685 580 1738 3
589 1671 603 1700 ⁰
625 1665 681 1730 oui
690 1665 783 1734 edito
792 1668 827 1730 iu
838 1667 1031 1734 immensum
1045 1671 1115 1737 ima
1127 1685 1206 1757 qum

121 1771 184 1834 sub
206 1769 346 1853 pedibus
367 1773 463 1830 erant
483 1767 589 1833 rotis?
610 1765 818 1847 interpositis
836 1769 1062 1850 suspenderat,
1077 1773 1209 1838 scilicet

121 1887 188 1952 quo
215 1873 382 1934 amacius
403 1872 515 1932 motus
540 1865 677 1930 facilius
698 1866 801 1931 toret:
825 1885 925 1950 quern
953 1868 1063 1932 offerri
1085 1869 1207 1936 donum

120 1971 282 2034 Minervae
309 1965 520 2043 maximum,⁸
555 1965 700 2030 omniurn
730 1983 786 2028 ore
814 1968 1012 2047 agitabatur.
1056 1968 1206 2036 Ceterum
1237 2007 1242 2012 ·

119 2071 207 2154 apud
236 2068 374 2152 Trojam
398 2067 468 2132 auri
491 2073 593 2148 atque
614 2066 739 2147 argenti
763 2066 961 2148 praedictum
989 2069 1122 2152 pondus
1146 2089 1208 2153 per

121 2171 325 2235 Antenorem
340 2177 439 2251 atque
454 2161 594 2231 AE'neam
610 2185 740 2231 summo
755 2167 869 2231 studio
882 2168 918 2232 in
928 2167 1034 2234 aedem
1044 2169 1207 2236 Minervae

118 2273 321 2354 portabatur.
351 2268 394 2333 Et
408 2267 534 2343 Graeoi,
549 2274 728 2350 postquam
745 2267 871 2332 auxilia
886 2269 1055 2333 sociorum
1065 2255 1210 2335 dimissu¹

119 2373 287 2456 cognitum
302 2377 365 2447 est,
382 2368 563 2451 impensius
584 2385 701 2450 pacem
716 2375 818 2450 atque
834 2369 1015 2434 amicitiam
1029 2370 1206 2451 agitavere,

116 2475 206 2539 nullo
231 2471 374 2538 exinde¹
396 2469 613 2544 barbarorum
634 2467 817 2547 interiecto,
845 2474 903 2535 ant
923 2470 1117 2551 vulnerai03
1137 2490 1206 2555 quo

116 2575 224 2657 magis
238 2575 309 2638 sine
320 2573 392 2636 ulla
407 2568 649 2634 discordiarum
668 2571 859 2651 suspicione
875 2571 963 2652 apud
978 2570 1093 2633 hostes
1105 2571 1207 2635 fuere.

118 2677 206 2740 Dein
231 2689 355 2754 equum
384 2675 596 2751 compactum
617 2667 738 2731 affabre
764 2669 1001 2748 confixumque
1022 2665 1066 2729 ad
1092 2685 1206 2730 muros

115 2777 268 2852 movent,
296 2768 516 2850 preeuuntieto
537 2765 704 2847 Trojanis,
726 2767 776 2829 uti
798 2785 873 2829 euru
900 2783 1029 2828 summa
1049 2765 1206 2847 religione

118 2871 338 2954 susciperent,
355 2866 516 2931 Mineruae
531 2863 663 2928 seilicet
677 2881 819 2942 sacrum,
834 2865 1057 2948 dicatumque.
1095 2863 1206 2944 Quare

119 3177 233 3231 voculam
243 3177 326 3228 ἅνω-7
343 3173 439 3240 Delplr.
448 3173 602 3223 adalim-8
618 3173 713 3237 Delph.
725 3180 753 3222 et
764 3175 841 3236 vulgo
850 3173 961 3222 more.

612 3331 718 3384 NO'l'AE

150 3463 169 3490 ὓ
187 3454 292 3516 Neque]
307 3451 349 3502 Ne
366 3461 417 3515 qne
432 3447 483 3500 ris.
516 3446 560 3498 Sic
579 3459 645 3494 reru·
716 3437 1018 3505 uuumeeqmatraa]
1035 3439 1206 3497 Seriea‘sci·

119 3545 167 3595 per
178 3529 285 3590 Dictys.
665 3577 667 3582 ,
683 3521 808 3584 licetque
819 3527 902 3569 morus
911 3515 1014 3566 facilius
1032 3515 1100 3566 soret
1111 3523 1207 3566 sttruo-

151 3615 164 3640 ·
193 3602 326 3665 induatis]
355 3601 521 3653 ‘Roboribus
550 3597 646 3650 textis?
684 3596 731 3648 tm’
764 3595 869 3644 idest:
890 3590 1206 3645 ‘Quofseiliussttrrutu

118 3679 212 3742 virgil.
684 3669 848 3724 moreretur?

151 3763 164 3787 ⁰
181 3751 356 3804 numatam
375 3750 462 3813 operis]
485 3749 577 3812 Virgil.
593 3749 646 3798 ‘nt
716 3747 815 3792 ’Μὴ
824 3741 922 3805 exinde]
945 3739 1025 3793 Quasi
1035 3751 1097 3786 rero
1107 3743 1135 3787 er
1146 3742 1206 3794 aute

120 3831 176 3895 ipsa
187 3825 240 3878 doli
252 3823 393 3874 fabricator
405 3823 507 3884 Eueni?
633 3877 641 3888 ,
683 3817 809 3870 sociorum
836 3816 987 3869 discessum,
1011 3817 1069 3874 post
1090 3811 1207 3875 juratum

152 3911 166 3946 r
181 3905 235 3953 lma
250 3915 302 3965 quer
316 3897 358 3947 ul
371 3897 469 3960 pedibas
481 3904 558 3962 erest,
576 3897 645 3958 sotir,
683 3905 784 3956 pacem,
796 3889 898 3952 quidum
914 3901 931 3935 n
947 3887 1046 3936 Grauis
1062 3887 1101 3935 vol
1119 3889 1207 3937 ruins·

121 3970 176 4043 lfa]
202 3978 257 4028 Sub
277 3973 389 4039 pedibus
405 3979 474 4022 rotas
487 3972 644 4034 srrbjeeersr.
685 3966 734 4015 ruri
744 3964 846 4013 sintrel
856 3959 1003 4039 interiectir
1023 3961 1156 4011 ridiculum
1166 3977 1205 4012 su·

122 4055 193 4114 virg.
206 4067 238 4102 rr.
256 4052 311 4101 AEu.
331 4048 515 4112 ‘Pedilnsque
531 4055 644 4097 rorrrum
683 4055 726 4099 ne.
737 4045 765 4090 et
774 4037 814 4090 sui
824 4038 866 4088 lriu
877 4037 974 4088 oblitus
985 4043 1026 4088 est
1036 4037 1140 4102 Dictys.

123 4129 268 4193 Subjiuinut
279 4124 382 4191 lapsus.⁹
