3052 4900
414 323 461 368 os
486 319 614 369 axcru.
636 321 762 370 rausa
785 323 934 372 rrrsroa.
1141 305 1210 372 329

127 463 283 528 Achilles
303 461 344 526 do
370 462 488 544 praelio
503 462 639 528 saucius
652 461 760 526 redit:
782 467 945 543 pugnatur
958 465 1125 530 continuis
1139 465 1209 530 die-

108 627 112 633 ,
126 567 194 627 bus
208 581 281 628 sex.
312 563 378 627 Die
393 564 547 646 septimo,
559 564 639 626 dum
653 570 793 644 uterque
809 564 977 626 exercitus
991 568 1107 646 praelio
1119 585 1211 632 com·

127 665 236 728 misso
257 663 433 744 fugaretur,
448 663 610 740 Achilles,
629 663 685 744 qui
706 662 874 744 aliquibus
889 662 1007 726 diebus
1021 672 1161 730 vexatus
1175 669 1210 730 in

125 783 271 846 pugnam
299 783 363 828 non
393 762 572 845 prodierat,
598 762 829 846 Myrmidonas
852 763 997 826 iustruit.
1041 763 1210 845 Hortatur,

124 865 307 947 alloquitur
334 870 372 928 ut
400 864 527 929 fortiter
555 864 808 946 impressionem
834 865 867 927 in
896 863 1048 927 Troilum
1075 863 1211 934 faciant.

127 965 313 1047 Postquam
327 965 432 1049 maJor
445 983 524 1048 pars
540 964 607 1028 dici
622 965 764 1041 transiit,
774 957 906 1046 prodit⁹
919 964 1052 1030 Troilus
1067 982 1112 1029 ex
1126 983 1211 1047 equo

125 1064 256 1130 laetus.m
299 1063 417 1147 Argivi
431 1065 578 1130 clamore
593 1064 984 1147 magnofugumfaciunt.
1027 1063 1213 1147 Myrmido-

124 1183 189 1229 nes
204 1184 437 1247 supervenere,
446 1165 702 1248 impressionem
716 1165 908 1229 inTroilum
921 1166 1059 1242 ¹faciunt,
1073 1165 1115 1228 de
1129 1185 1212 1248 quo-

124 1284 198 1330 rum
213 1284 352 1330 numero
366 1266 495 1328 multia
509 1264 625 1328 Troilo
639 1263 843 1328 occiduntur.
887 1264 977 1328 Dum
993 1266 1113 1330 acriter
1125 1284 1211 1348 prae-

122 1365 240 1441 liatur,
265 1383 370 1446 equus
393 1363 499 1428 Troili
523 1364 660 1428 saucius
685 1364 819 1442 corruit,
843 1364 994 1428 Troilum
1016 1364 1211 1448 implicitum

123 1465 265 1528 excutit.
309 1464 395 1527 Eum
410 1463 563 1528 Achilles
577 1465 647 1528 cito
670 1465 849 1529 adueniens
865 1466 1000 1542 occidit,
1016 1473 1052 1530 et
1067 1483 1113 1528 ex
1127 1485 1213 1548 prar-

123 1565 172 1632 lio
187 1566 312 1629 trahere
326 1566 444 1646 coepit.
487 1565 532 1628 Et
547 1566 782 1644 subtraxisset,
806 1566 871 1630 nisi
898 1567 1058 1632 Memnon
1071 1568 1211 1650 eripuis-

117 1673 192 1742 set,
212 1673 245 1730 et
269 1665 433 1730 Achillem
459 1665 593 1730 vulnere
617 1668 814 1732 sauciasset.
857 1667 1004 1732 Achilles
1025 1666 1067 1734 de
1095 1668 1211 1753 prselio

125 1769 263 1832 saucius
277 1766 373 1830 redit.
418 1765 575 1828 Memnon
588 1766 770 1848 insequitur
792 1772 824 1830 et
845 1785 921 1831 cum
943 1768 1057 1831 multis
1073 1753 1210 1848 impres-

126 1868 255 1930 sionem
276 1866 367 1930 facit.
410 1865 460 1930 Ut
483 1866 631 1946 respexit
655 1883 731 1928 eum
753 1863 913 1942 Achilles,
936 1866 1072 1930 restitit:
1096 1871 1209 1929 curato
1233 1924 1244 1935 ,

126 1969 238 2050 itaque
267 1968 413 2046 vulnere,
453 1972 489 2029 et
517 1965 759 2048 aliquantulum
788 1966 970 2049 praeliatus,
998 1965 1209 2030 Memnonem

126 2070 242 2132 multis
256 2068 365 2151 plagis
378 2067 530 2142 occidit,n
553 2067 674 2148 etipse
689 2067 884 2132 vnlneratus
908 2069 951 2133 ab
974 2055 1015 2131 eo
1030 2086 1074 2131 ex
1088 2067 1209 2150 praelio

126 2171 276 2234 recessit.
320 2169 507 2251 Postquam
523 2167 699 2232 Persarum
712 2167 781 2232 dux
796 2168 930 2233 occisus
952 2174 1015 2244 est,
1037 2174 1073 2230 et
1091 2166 1211 2250 ¹Troja-

125 2286 241 2332 norum
256 2271 422 2335 exercitus
436 2269 531 2334 fusus
543 2275 605 2343 est,
626 2266 748 2350 reliqui
762 2268 796 2330 in
811 2268 971 2351 oppidum
985 2266 1210 2347 confugerunt,

126 2376 311 2453 portasque
327 2373 536 2436 clauserunt:
559 2371 710 2453 praelium
732 2388 801 2436 nox
820 2369 954 2434 dirimit.
997 2367 1142 2432 Postera
1156 2366 1210 2431 die

126 2487 148 2532 a
162 2468 297 2537 Priamo
310 2472 410 2552 legati
423 2472 465 2536 ad
479 2469 760 2554 Agamemnonem
775 2471 869 2535 missi
884 2477 972 2548 sunt,
996 2476 1034 2534 ut
1056 2468 1210 2534 inducias

125 2577 298 2651 peterent:
319 2569 546 2650 Agamemnon
571 2592 616 2634 ex
638 2572 770 2634 consilii
795 2571 960 2630 sententia
974 2571 1006 2628 in
1021 2569 1093 2628 dies
1108 2581 1210 2629 xxx.

123 2668 281 2734 inducias
294 2666 385 2729 facit.
430 2667 585 2728 Priamus
599 2666 748 2728 Troilum
763 2671 797 2726 et
811 2663 1021 2724 Memnonem
1035 2660 1209 2738 magnifico

124 2767 260 2833 funere⁰
280 2763 387 2827 effert:
410 2769 602 2844 ceterosque
626 2762 750 2825 milites
772 2761 903 2840 utrique
925 2758 1131 2840 sepeliendos
1151 2775 1209 2822 cu-

124 2872 207 2930 rant.
249 2863 332 2947 [34.]
354 2862 509 2939 Hecuba,
523 2868 645 2926 moesta
660 2860 751 2942 quod
774 2860 840 2924 duo
865 2859 924 2924 filii
947 2859 1018 2944 ejus
1037 2860 1208 2925 tortissimi

129 2967 256 3030 Hector
270 2972 303 3030 et
316 2965 447 3028 Troilus
471 2966 514 3028 ab
537 2961 673 3029 Achille
698 2963 857 3026 interiecti
885 2956 1007 3041 essent,
1032 2961 1208 3026 consilium

127 3068 287 3132 muliebre
303 3065 508 3130 temerarium
522 3065 597 3128 iniit
614 3064 658 3127 ad
683 3062 829 3126 dolorem
854 3082 948 3126 suum
971 3060 1207 3124 ulciscendum.

127 3166 353 3232 Alexandrum
367 3163 470 3228 filium
485 3163 632 3240 accersit,
653 3167 738 3241 orat,
760 3162 929 3241 hortatur,¹
955 3166 994 3223 ut
1017 3178 1053 3222 se
1073 3163 1108 3250 et
1128 3178 1207 3224 suos

579 3353 755 3374 ‘mo

128 3531 130 3541 =
159 3503 431 3568 ⁹ProdiitDelph.-l
449 3503 588 3556 omittitur
599 3502 869 3568 voxtoreucrnelpn.
891 3531 894 3535 -

617 3700 724 3751 NOTAE

128 3815 204 3868 Prior
213 3812 239 3862 in
250 3824 308 3860 eum
321 3809 374 3859 tela
385 3809 499 3872 conjicit.
686 3812 771 3861 Aliter
779 3811 853 3874 paulo
865 3810 964 3872 Dictys,
972 3821 1047 3872 quern
1059 3805 1169 3868 vide,1u.
1180 3811 1205 3856 6.

160 3899 178 3924 ¹¹
195 3888 281 3940 Prodit
299 3886 391 3935 licitus
406 3900 437 3934 ec
452 3899 508 3948 equo
522 3884 601 3948 raro]
625 3889 648 3936 E
718 3893 730 3918 ⁰
751 3887 793 3934 Et
805 3885 952 3935 Memnonem
973 3883 1093 3948 mugaifim
1107 3882 1207 3945 sunere]

129 3979 206 4015 curru
224 3974 352 4026 pugnasse
369 3960 489 4021 Troilum,
505 3960 581 4009 docet
591 3961 649 4010 Vir·
687 3959 1207 4023 Dictysscribit,TrojanoscremntiMem·

129 4039 174 4104 gii.
190 4037 254 4100 Ejus
263 4035 347 4084 locum
358 4033 416 4082 vide
425 4034 457 4082 nd
468 4033 566 4097 Dictyn
574 4047 613 4082 ιν.
623 4039 648 4083 9.
684 4036 760 4106 ¹nouis
776 4035 896 4100 reliquias
912 4049 974 4084 urna
988 4035 1103 4086 cauditus
1120 4033 1146 4084 in
1162 4048 1207 4098 pu·

161 4115 336 4164 summam
357 4109 533 4173 nautologis
553 4109 649 4174 occidit]
687 4111 764 4164 trium
771 4112 852 4172 solum
863 4111 998 4162 remisisse.
