<?xml version="1.0" encoding="UTF-8"?>
<!DOCTYPE html PUBLIC "-//W3C//DTD XHTML 1.0 Transitional//EN"
    "http://www.w3.org/TR/xhtml1/DTD/xhtml1-transitional.dtd">
<html xmlns="http://www.w3.org/1999/xhtml" xml:lang="en" lang="en">
 <head>
  <title>
</title>
<meta http-equiv="Content-Type" content="text/html;charset=utf-8" />
  <meta name='ocr-system' content='tesseract 3.04.00' />
  <meta name='ocr-capabilities' content='ocr_page ocr_carea ocr_par ocr_line ocrx_word'/>
</head>
<body>
  <div class='ocr_page' id='page_1' title='image "./dictyscretensis00smidgoog_0062.png"; bbox 0 0 3036 4918; ppageno 0'>
   <div class='ocr_carea' id='block_1_1' title="bbox 304 353 1136 434">
    <p class='ocr_par' dir='ltr' id='par_1_1' title="bbox 304 353 1136 434">
     <span class='ocr_line' id='line_1_1' title="bbox 304 353 1136 434; baseline -0.036 0"><span class='ocrx_word' id='word_1_1' title='bbox 304 367 348 434; x_wconf 74' lang='lat'>62</span> <span class='ocrx_word' id='word_1_2' title='bbox 566 371 645 422; x_wconf 78' lang='lat' dir='ltr'>rso.</span> <span class='ocrx_word' id='word_1_3' title='bbox 669 363 862 420; x_wconf 80' lang='lat' dir='ltr'>rantzoun</span> <span class='ocrx_word' id='word_1_4' title='bbox 887 353 1136 414; x_wconf 79' lang='lat' dir='ltr'>orssuarrrro</span> 
     </span>
    </p>
   </div>
   <div class='ocr_carea' id='block_1_2' title="bbox 304 503 1509 1004">
    <p class='ocr_par' dir='ltr' id='par_1_2' title="bbox 304 503 1509 1004">
     <span class='ocr_line' id='line_1_2' title="bbox 305 503 1394 602; baseline -0.03 -3"><span class='ocrx_word' id='word_1_5' title='bbox 305 531 393 600; x_wconf 88' lang='lat' dir='ltr'>uude</span> <span class='ocrx_word' id='word_1_6' title='bbox 408 537 445 594; x_wconf 89' lang='lat' dir='ltr'>et</span> <span class='ocrx_word' id='word_1_7' title='bbox 458 531 469 566; x_wconf 84' lang='lat'>‘</span> <span class='ocrx_word' id='word_1_8' title='bbox 483 527 642 594; x_wconf 86' lang='lat' dir='ltr'>honorem</span> <span class='ocrx_word' id='word_1_9' title='bbox 664 521 824 590; x_wconf 83' lang='lat' dir='ltr'>seuilom&#39;</span> <span class='ocrx_word' id='word_1_10' title='bbox 844 521 947 586; x_wconf 79' lang='lat' dir='ltr'>vocat</span> <span class='ocrx_word' id='word_1_11' title='bbox 967 509 1190 602; x_wconf 78' lang='lat' dir='ltr'><strong>Symmachus</strong></span> <span class='ocrx_word' id='word_1_12' title='bbox 1211 506 1270 572; x_wconf 90' lang='lat' dir='ltr'>lib.</span> <span class='ocrx_word' id='word_1_13' title='bbox 1288 521 1312 568; x_wconf 84' lang='lat' dir='ltr'>r.</span> <span class='ocrx_word' id='word_1_14' title='bbox 1331 503 1394 588; x_wconf 85' lang='lat' dir='ltr'>Ep.</span> 
     </span>
     <span class='ocr_line' id='line_1_3' title="bbox 304 607 1398 718; baseline -0.031 -16"><span class='ocrx_word' id='word_1_15' title='bbox 304 632 354 718; x_wconf 92' lang='lat'>1.)</span> <span class='ocrx_word' id='word_1_16' title='bbox 375 631 474 698; x_wconf 87' lang='lat' dir='ltr'>illios.</span> <span class='ocrx_word' id='word_1_17' title='bbox 519 625 651 709; x_wconf 87' lang='lat' dir='ltr'>Nempe</span> <span class='ocrx_word' id='word_1_18' title='bbox 666 622 828 690; x_wconf 88' lang='lat' dir='ltr'>Proculus</span> <span class='ocrx_word' id='word_1_19' title='bbox 854 621 916 686; x_wconf 83' lang='lat' dir='ltr'>iste</span> <span class='ocrx_word' id='word_1_20' title='bbox 938 617 1064 693; x_wconf 85' lang='lat' dir='ltr'>habuit,</span> <span class='ocrx_word' id='word_1_21' title='bbox 1077 618 1116 678; x_wconf 88' lang='lat' dir='ltr'>ut</span> <span class='ocrx_word' id='word_1_22' title='bbox 1128 627 1212 688; x_wconf 87' lang='lat' dir='ltr'>reor,</span> <span class='ocrx_word' id='word_1_23' title='bbox 1227 608 1262 672; x_wconf 92' lang='lat' dir='ltr'>io</span> <span class='ocrx_word' id='word_1_24' title='bbox 1285 607 1398 671; x_wconf 89' lang='lat' dir='ltr'>matri·</span> 
     </span>
     <span class='ocr_line' id='line_1_4' title="bbox 304 704 1398 802; baseline -0.03 0"><span class='ocrx_word' id='word_1_25' title='bbox 304 734 419 802; x_wconf 91' lang='lat' dir='ltr'>mouio</span> <span class='ocrx_word' id='word_1_26' title='bbox 442 727 561 797; x_wconf 80' lang='lat' dir='ltr'>Aradii</span> <span class='ocrx_word' id='word_1_27' title='bbox 582 723 697 792; x_wconf 87' lang='lat' dir='ltr'>Rullui</span> <span class='ocrx_word' id='word_1_28' title='bbox 722 739 881 797; x_wconf 86' lang='lat' dir='ltr'>sororem,</span> <span class='ocrx_word' id='word_1_29' title='bbox 900 727 936 784; x_wconf 88' lang='lat' dir='ltr'>et</span> <span class='ocrx_word' id='word_1_30' title='bbox 956 736 999 782; x_wconf 83' lang='lat' dir='ltr'>ex</span> <span class='ocrx_word' id='word_1_31' title='bbox 1026 733 1067 782; x_wconf 86' lang='lat' dir='ltr'>oo</span> <span class='ocrx_word' id='word_1_32' title='bbox 1089 707 1296 779; x_wconf 89' lang='lat' dir='ltr'>matrimonio</span> <span class='ocrx_word' id='word_1_33' title='bbox 1323 704 1398 772; x_wconf 89' lang='lat' dir='ltr'>nati</span> 
     </span>
     <span class='ocr_line' id='line_1_5' title="bbox 306 807 1509 912; baseline -0.03 -8"><span class='ocrx_word' id='word_1_34' title='bbox 306 845 385 904; x_wconf 87' lang='lat' dir='ltr'>snut</span> <span class='ocrx_word' id='word_1_35' title='bbox 398 831 443 912; x_wconf 84' lang='lat' dir='ltr'>Q.</span> <span class='ocrx_word' id='word_1_36' title='bbox 459 829 563 898; x_wconf 78' lang='lat' dir='ltr'>Arud.</span> <span class='ocrx_word' id='word_1_37' title='bbox 581 826 665 892; x_wconf 80' lang='lat' dir='ltr'>Rus.</span> <span class='ocrx_word' id='word_1_38' title='bbox 683 824 758 890; x_wconf 83' lang='lat' dir='ltr'>Vol.</span> <span class='ocrx_word' id='word_1_39' title='bbox 781 821 943 888; x_wconf 85' lang='lat' dir='ltr'>Proculus</span> <span class='ocrx_word' id='word_1_40' title='bbox 964 818 1098 883; x_wconf 85' lang='lat' dir='ltr'>Prreses</span> <span class='ocrx_word' id='word_1_41' title='bbox 1120 809 1311 878; x_wconf 77' lang='lat' dir='ltr'>Provinciae</span> <span class='ocrx_word' id='word_1_42' title='bbox 1326 807 1399 891; x_wconf 83' lang='lat' dir='ltr'>By·</span> <span class='ocrx_word' id='word_1_43' title='bbox 1508 838 1509 843; x_wconf 62' lang='lat'><em>=</em></span> 
     </span>
     <span class='ocr_line' id='line_1_6' title="bbox 306 907 1395 1004; baseline -0.033 2"><span class='ocrx_word' id='word_1_44' title='bbox 306 953 436 1004; x_wconf 75' lang='lat' dir='ltr'>moene</span> <span class='ocrx_word' id='word_1_45' title='bbox 459 929 557 996; x_wconf 84' lang='lat' dir='ltr'>Auno</span> <span class='ocrx_word' id='word_1_46' title='bbox 582 941 753 991; x_wconf 79' lang='lat' dir='ltr'>unxxrrr.</span> <span class='ocrx_word' id='word_1_47' title='bbox 777 930 812 989; x_wconf 90' lang='lat' dir='ltr'>ot</span> <span class='ocrx_word' id='word_1_48' title='bbox 826 922 866 988; x_wconf 77' lang='lat' dir='ltr'>L</span> <span class='ocrx_word' id='word_1_49' title='bbox 880 919 985 987; x_wconf 78' lang='lat' dir='ltr'>Arad.</span> <span class='ocrx_word' id='word_1_50' title='bbox 1000 917 1081 985; x_wconf 90' lang='lat' dir='ltr'>Val.</span> <span class='ocrx_word' id='word_1_51' title='bbox 1107 911 1270 979; x_wconf 88' lang='lat' dir='ltr'>Proculus</span> <span class='ocrx_word' id='word_1_52' title='bbox 1295 907 1395 974; x_wconf 74' lang='lat' dir='ltr'>Praei</span> 
     </span>
    </p>
   </div>
   <div class='ocr_carea' id='block_1_3' title="bbox 305 1007 1509 1104">
    <p class='ocr_par' dir='ltr' id='par_1_3' title="bbox 305 1007 1509 1104">
     <span class='ocr_line' id='line_1_7' title="bbox 305 1007 1509 1104; baseline -0.032 0"><span class='ocrx_word' id='word_1_53' title='bbox 305 1041 378 1104; x_wconf 87' lang='lat' dir='ltr'>urb.</span> <span class='ocrx_word' id='word_1_54' title='bbox 393 1046 564 1100; x_wconf 82' lang='lat' dir='ltr'>rrcxxrx.</span> <span class='ocrx_word' id='word_1_55' title='bbox 607 1027 736 1094; x_wconf 78' lang='lat' dir='ltr'>Consul</span> <span class='ocrx_word' id='word_1_56' title='bbox 751 1037 876 1090; x_wconf 77' lang='lat' dir='ltr'>uxori.</span> <span class='ocrx_word' id='word_1_57' title='bbox 888 1029 923 1088; x_wconf 88' lang='lat' dir='ltr'>et</span> <span class='ocrx_word' id='word_1_58' title='bbox 934 1019 1050 1088; x_wconf 88' lang='lat' dir='ltr'>multis</span> <span class='ocrx_word' id='word_1_59' title='bbox 1060 1016 1136 1082; x_wconf 89' lang='lat' dir='ltr'>aliis</span> <span class='ocrx_word' id='word_1_60' title='bbox 1150 1007 1333 1078; x_wconf 84' lang='lat' dir='ltr'>honoribus</span> <span class='ocrx_word' id='word_1_61' title='bbox 1347 1008 1399 1072; x_wconf 90' lang='lat' dir='ltr'>iu-</span> <span class='ocrx_word' id='word_1_62' title='bbox 1508 1040 1509 1053; x_wconf 29' lang='grc' dir='ltr'><strong>κ</strong></span> 
     </span>
    </p>
   </div>
   <div class='ocr_carea' id='block_1_4' title="bbox 304 1107 1509 1822">
    <p class='ocr_par' dir='ltr' id='par_1_4' title="bbox 304 1107 1398 1224">
     <span class='ocr_line' id='line_1_8' title="bbox 304 1107 1398 1224; baseline -0.03 -19"><span class='ocrx_word' id='word_1_63' title='bbox 304 1139 419 1224; x_wconf 68' lang='lat' dir='ltr'>siguis,</span> <span class='ocrx_word' id='word_1_64' title='bbox 433 1153 519 1221; x_wconf 85' lang='lat' dir='ltr'>quos</span> <span class='ocrx_word' id='word_1_65' title='bbox 537 1134 697 1198; x_wconf 87' lang='lat' dir='ltr'>memorat</span> <span class='ocrx_word' id='word_1_66' title='bbox 712 1127 859 1193; x_wconf 82' lang='lat' dir='ltr'>Marmor</span> <span class='ocrx_word' id='word_1_67' title='bbox 881 1121 972 1208; x_wconf 88' lang='lat' dir='ltr'>apud</span> <span class='ocrx_word' id='word_1_68' title='bbox 985 1120 1161 1186; x_wconf 81' lang='lat' dir='ltr'>Gruterum</span> <span class='ocrx_word' id='word_1_69' title='bbox 1182 1113 1259 1178; x_wconf 84' lang='grc'><strong>361.</strong></span> <span class='ocrx_word' id='word_1_70' title='bbox 1272 1116 1308 1200; x_wconf 80' lang='lat' dir='ltr'>et</span> <span class='ocrx_word' id='word_1_71' title='bbox 1320 1107 1398 1175; x_wconf 86' lang='grc'><strong>363.</strong></span> 
     </span>
    </p>

    <p class='ocr_par' dir='ltr' id='par_1_5' title="bbox 305 1208 1509 1822">
     <span class='ocr_line' id='line_1_9' title="bbox 305 1208 1509 1314; baseline -0.031 -7"><span class='ocrx_word' id='word_1_72' title='bbox 305 1237 467 1306; x_wconf 83' lang='lat' dir='ltr'>Solobuut</span> <span class='ocrx_word' id='word_1_73' title='bbox 482 1231 687 1300; x_wconf 74' lang='lat' dir='ltr'>reuulsus</span> <span class='ocrx_word' id='word_1_74' title='bbox 706 1227 923 1314; x_wconf 72' lang='lat' dir='ltr'><strong>temporibus,</strong></span> <span class='ocrx_word' id='word_1_75' title='bbox 946 1224 1009 1308; x_wconf 88' lang='lat' dir='ltr'>qui</span> <span class='ocrx_word' id='word_1_76' title='bbox 1023 1221 1230 1287; x_wconf 86' lang='lat' dir='ltr'>diversarum</span> <span class='ocrx_word' id='word_1_77' title='bbox 1251 1213 1400 1296; x_wconf 78' lang='lat' dir='ltr'>gentium</span> <span class='ocrx_word' id='word_1_78' title='bbox 1508 1208 1509 1215; x_wconf 78' lang='grc'>’</span> 
     </span>
     <span class='ocr_line' id='line_1_10' title="bbox 305 1317 1399 1418; baseline -0.027 -14"><span class='ocrx_word' id='word_1_79' title='bbox 305 1339 439 1406; x_wconf 88' lang='lat' dir='ltr'>nomina</span> <span class='ocrx_word' id='word_1_80' title='bbox 458 1337 510 1402; x_wconf 87' lang='lat' dir='ltr'>ita</span> <span class='ocrx_word' id='word_1_81' title='bbox 533 1333 728 1418; x_wconf 71' lang='lat' dir='ltr'>jungebant,</span> <span class='ocrx_word' id='word_1_82' title='bbox 756 1329 823 1395; x_wconf 83' lang='lat' dir='ltr'>nisi</span> <span class='ocrx_word' id='word_1_83' title='bbox 846 1346 952 1394; x_wconf 81' lang='lat' dir='ltr'>esox</span> <span class='ocrx_word' id='word_1_84' title='bbox 967 1321 1143 1408; x_wconf 79' lang='lat' dir='ltr'><strong>adoptione</strong></span> <span class='ocrx_word' id='word_1_85' title='bbox 1167 1317 1339 1389; x_wconf 88' lang='lat' dir='ltr'>habereut,</span> <span class='ocrx_word' id='word_1_86' title='bbox 1353 1331 1399 1376; x_wconf 85' lang='lat' dir='ltr'>ex</span> 
     </span>
     <span class='ocr_line' id='line_1_11' title="bbox 305 1417 1399 1510; baseline -0.024 -6"><span class='ocrx_word' id='word_1_87' title='bbox 305 1446 455 1504; x_wconf 85' lang='lat' dir='ltr'>materna</span> <span class='ocrx_word' id='word_1_88' title='bbox 475 1435 614 1510; x_wconf 78' lang='lat' dir='ltr'>familia,</span> <span class='ocrx_word' id='word_1_89' title='bbox 629 1433 774 1498; x_wconf 84' lang='lat' dir='ltr'>maxime</span> <span class='ocrx_word' id='word_1_90' title='bbox 788 1431 818 1496; x_wconf 90' lang='lat' dir='ltr'>si</span> <span class='ocrx_word' id='word_1_91' title='bbox 840 1427 981 1495; x_wconf 86' lang='lat' dir='ltr'>illustris</span> <span class='ocrx_word' id='word_1_92' title='bbox 1001 1429 1102 1502; x_wconf 86' lang='lat' dir='ltr'>esset,</span> <span class='ocrx_word' id='word_1_93' title='bbox 1116 1417 1333 1507; x_wconf 86' lang='lat' dir='ltr'>potissimum</span> <span class='ocrx_word' id='word_1_94' title='bbox 1342 1430 1399 1480; x_wconf 65' lang='lat' dir='ltr'>su*</span> 
     </span>
     <span class='ocr_line' id='line_1_12' title="bbox 305 1515 1400 1618; baseline -0.024 -15"><span class='ocrx_word' id='word_1_95' title='bbox 305 1555 406 1614; x_wconf 88' lang='lat' dir='ltr'>mere,</span> <span class='ocrx_word' id='word_1_96' title='bbox 427 1547 462 1600; x_wconf 89' lang='lat' dir='ltr'>et</span> <span class='ocrx_word' id='word_1_97' title='bbox 483 1535 631 1618; x_wconf 77' lang='lat' dir='ltr'>paternis</span> <span class='ocrx_word' id='word_1_98' title='bbox 651 1531 775 1598; x_wconf 76' lang='lat' dir='ltr'>addere</span> <span class='ocrx_word' id='word_1_99' title='bbox 798 1532 852 1597; x_wconf 82' lang='lat' dir='ltr'>vel</span> <span class='ocrx_word' id='word_1_100' title='bbox 866 1527 1078 1615; x_wconf 69' lang='lat' dir='ltr'>promittere.</span> <span class='ocrx_word' id='word_1_101' title='bbox 1119 1521 1233 1606; x_wconf 79' lang='lat' dir='ltr'>Ipsius</span> <span class='ocrx_word' id='word_1_102' title='bbox 1257 1535 1338 1583; x_wconf 84' lang='lat' dir='ltr'>uero</span> <span class='ocrx_word' id='word_1_103' title='bbox 1354 1515 1400 1595; x_wconf 86' lang='lat' dir='ltr'>Q.</span> 
     </span>
     <span class='ocr_line' id='line_1_13' title="bbox 305 1617 1401 1713; baseline -0.022 -9"><span class='ocrx_word' id='word_1_104' title='bbox 305 1637 426 1704; x_wconf 77' lang='lat' dir='ltr'>Aradii</span> <span class='ocrx_word' id='word_1_105' title='bbox 447 1634 563 1702; x_wconf 86' lang='lat' dir='ltr'>Rufini</span> <span class='ocrx_word' id='word_1_106' title='bbox 592 1633 699 1700; x_wconf 86' lang='lat' dir='ltr'>lilium</span> <span class='ocrx_word' id='word_1_107' title='bbox 720 1633 775 1698; x_wconf 82' lang='lat' dir='ltr'>rel</span> <span class='ocrx_word' id='word_1_108' title='bbox 811 1635 972 1713; x_wconf 84' lang='lat' dir='ltr'>nepotem</span> <span class='ocrx_word' id='word_1_109' title='bbox 999 1631 1083 1712; x_wconf 90' lang='lat' dir='ltr'>puto</span> <span class='ocrx_word' id='word_1_110' title='bbox 1117 1622 1213 1688; x_wconf 92' lang='lat' dir='ltr'>illum</span> <span class='ocrx_word' id='word_1_111' title='bbox 1235 1617 1401 1698; x_wconf 76' lang='lat' dir='ltr'>Aradium</span> 
     </span>
     <span class='ocr_line' id='line_1_14' title="bbox 307 1719 1402 1822; baseline -0.023 -16"><span class='ocrx_word' id='word_1_112' title='bbox 307 1737 481 1817; x_wconf 85' lang='lat' dir='ltr'>Rufinum,</span> <span class='ocrx_word' id='word_1_113' title='bbox 502 1737 562 1822; x_wconf 89' lang='lat' dir='ltr'>qui</span> <span class='ocrx_word' id='word_1_114' title='bbox 577 1733 677 1802; x_wconf 82' lang='lat' dir='ltr'>Auno</span> <span class='ocrx_word' id='word_1_115' title='bbox 709 1748 842 1799; x_wconf 83' lang='lat' dir='ltr'>rrcxvr.</span> <span class='ocrx_word' id='word_1_116' title='bbox 863 1731 908 1796; x_wconf 87' lang='lat' dir='ltr'>ab</span> <span class='ocrx_word' id='word_1_117' title='bbox 936 1727 1084 1805; x_wconf 76' lang='lat' dir='ltr'>iuliano,</span> <span class='ocrx_word' id='word_1_118' title='bbox 1106 1723 1231 1790; x_wconf 84' lang='lat' dir='ltr'>Comes</span> <span class='ocrx_word' id='word_1_119' title='bbox 1253 1719 1402 1784; x_wconf 78' lang='lat' dir='ltr'>Orientis</span> 
     </span>
    </p>
   </div>
   <div class='ocr_carea' id='block_1_5' title="bbox 281 1841 1402 2024">
    <p class='ocr_par' dir='ltr' id='par_1_6' title="bbox 281 1841 1509 2024">
     <span class='ocr_line' id='line_1_15' title="bbox 307 1845 491 1906; baseline 0 0"><span class='ocrx_word' id='word_1_120' title='bbox 307 1845 359 1906; x_wconf 89' lang='lat' dir='ltr'>est</span> <span class='ocrx_word' id='word_1_121' title='bbox 483 1889 491 1906; x_wconf 93' lang='lat'><strong><em>.</em></strong></span> 
     </span>
     <span class='ocr_line' id='line_1_16' title="bbox 281 1841 1402 2024; baseline -0.015 -20"><span class='ocrx_word' id='word_1_122' title='bbox 281 1913 290 1936; x_wconf 81' lang='grc'><strong>’</strong></span> <span class='ocrx_word' id='word_1_123' title='bbox 351 1841 480 2006; x_wconf 37' lang='lat' dir='ltr'>neutri?</span> <span class='ocrx_word' id='word_1_124' title='bbox 500 1941 649 2007; x_wconf 83' lang='lat' dir='ltr'>Itarero</span> <span class='ocrx_word' id='word_1_125' title='bbox 662 1937 775 2024; x_wconf 89' lang='lat' dir='ltr'>plures</span> <span class='ocrx_word' id='word_1_126' title='bbox 795 1933 868 2022; x_wconf 80' lang='lat' dir='ltr'>J‘am</span> <span class='ocrx_word' id='word_1_127' title='bbox 888 1935 1051 2000; x_wconf 86' lang='lat' dir='ltr'>habemus</span> <span class='ocrx_word' id='word_1_128' title='bbox 1073 1929 1172 1996; x_wconf 87' lang='lat' dir='ltr'>istius</span> <span class='ocrx_word' id='word_1_129' title='bbox 1194 1923 1335 1991; x_wconf 88' lang='lat' dir='ltr'>nominis</span> <span class='ocrx_word' id='word_1_130' title='bbox 1350 1921 1402 1986; x_wconf 84' lang='lat' dir='ltr'>vi·</span> 
     </span>
    </p>
   </div>
   <div class='ocr_carea' id='block_1_6' title="bbox 191 2021 1510 2226">
    <p class='ocr_par' dir='ltr' id='par_1_7' title="bbox 191 2021 1510 2226">
     <span class='ocr_line' id='line_1_17' title="bbox 191 2021 1400 2125; baseline -0.017 -17"><span class='ocrx_word' id='word_1_131' title='bbox 191 2093 198 2108; x_wconf 81' lang='grc'><strong><em>,</em></strong></span> <span class='ocrx_word' id='word_1_132' title='bbox 305 2059 375 2121; x_wconf 86' lang='lat' dir='ltr'>ros,</span> <span class='ocrx_word' id='word_1_133' title='bbox 388 2061 433 2107; x_wconf 86' lang='lat' dir='ltr'>ox</span> <span class='ocrx_word' id='word_1_134' title='bbox 447 2042 570 2125; x_wconf 87' lang='lat' dir='ltr'>quibus</span> <span class='ocrx_word' id='word_1_135' title='bbox 595 2043 737 2122; x_wconf 89' lang='lat' dir='ltr'>primum</span> <span class='ocrx_word' id='word_1_136' title='bbox 752 2057 906 2104; x_wconf 77' lang='lat' dir='ltr'>censuum</span> <span class='ocrx_word' id='word_1_137' title='bbox 929 2055 1003 2102; x_wconf 86' lang='lat' dir='ltr'>esse</span> <span class='ocrx_word' id='word_1_138' title='bbox 1023 2034 1109 2098; x_wconf 89' lang='lat' dir='ltr'>hunc</span> <span class='ocrx_word' id='word_1_139' title='bbox 1128 2025 1279 2114; x_wconf 88' lang='lat' dir='ltr'>Septimii</span> <span class='ocrx_word' id='word_1_140' title='bbox 1292 2021 1400 2090; x_wconf 77' lang='lat' dir='ltr'>nostri</span> 
     </span>
     <span class='ocr_line' id='line_1_18' title="bbox 306 2123 1510 2226; baseline -0.024 -13"><span class='ocrx_word' id='word_1_141' title='bbox 306 2145 465 2223; x_wconf 84' lang='lat' dir='ltr'>umicum,</span> <span class='ocrx_word' id='word_1_142' title='bbox 479 2141 561 2226; x_wconf 91' lang='lat' dir='ltr'>quie</span> <span class='ocrx_word' id='word_1_143' title='bbox 575 2140 692 2206; x_wconf 92' lang='lat' dir='ltr'>eodem</span> <span class='ocrx_word' id='word_1_144' title='bbox 707 2143 858 2223; x_wconf 90' lang='lat' dir='ltr'>tempore</span> <span class='ocrx_word' id='word_1_145' title='bbox 874 2138 961 2204; x_wconf 88' lang='lat' dir='ltr'>duos</span> <span class='ocrx_word' id='word_1_146' title='bbox 975 2133 1105 2217; x_wconf 77' lang='lat' dir='ltr'>reperio</span> <span class='ocrx_word' id='word_1_147' title='bbox 1120 2130 1267 2196; x_wconf 87' lang='lat' dir='ltr'>illustres</span> <span class='ocrx_word' id='word_1_148' title='bbox 1281 2123 1401 2192; x_wconf 88' lang='lat' dir='ltr'>itidem</span> <span class='ocrx_word' id='word_1_149' title='bbox 1509 2159 1510 2172; x_wconf 27' lang='grc' dir='ltr'><strong>κ</strong></span> 
     </span>
    </p>
   </div>
   <div class='ocr_carea' id='block_1_7' title="bbox 208 2224 1510 3126">
    <p class='ocr_par' dir='ltr' id='par_1_8' title="bbox 208 2224 1510 3126">
     <span class='ocr_line' id='line_1_19' title="bbox 306 2224 1401 2327; baseline -0.02 -17"><span class='ocrx_word' id='word_1_150' title='bbox 306 2245 499 2327; x_wconf 77' lang='lat' dir='ltr'>Septimius,</span> <span class='ocrx_word' id='word_1_151' title='bbox 514 2242 651 2307; x_wconf 84' lang='lat' dir='ltr'>alterum</span> <span class='ocrx_word' id='word_1_152' title='bbox 667 2241 826 2312; x_wconf 83' lang='lat' dir='ltr'>Bassum,</span> <span class='ocrx_word' id='word_1_153' title='bbox 839 2239 937 2300; x_wconf 89' lang='lat' dir='ltr'>tertio</span> <span class='ocrx_word' id='word_1_154' title='bbox 951 2235 1080 2296; x_wconf 88' lang='lat' dir='ltr'>decimo</span> <span class='ocrx_word' id='word_1_155' title='bbox 1097 2249 1184 2294; x_wconf 91' lang='lat' dir='ltr'>auno</span> <span class='ocrx_word' id='word_1_156' title='bbox 1200 2235 1278 2311; x_wconf 86' lang='lat' dir='ltr'>post</span> <span class='ocrx_word' id='word_1_157' title='bbox 1291 2224 1401 2290; x_wconf 87' lang='lat' dir='ltr'>Arad.</span> 
     </span>
     <span class='ocr_line' id='line_1_20' title="bbox 306 2327 1403 2420; baseline -0.016 -13"><span class='ocrx_word' id='word_1_158' title='bbox 306 2340 479 2414; x_wconf 83' lang='lat' dir='ltr'>Rufinum,</span> <span class='ocrx_word' id='word_1_159' title='bbox 495 2341 636 2402; x_wconf 88' lang='lat' dir='ltr'>alterum</span> <span class='ocrx_word' id='word_1_160' title='bbox 652 2335 861 2420; x_wconf 79' lang='lat' dir='ltr'>Acindynum</span> <span class='ocrx_word' id='word_1_161' title='bbox 878 2347 933 2394; x_wconf 85' lang='lat' dir='ltr'>xr.</span> <span class='ocrx_word' id='word_1_162' title='bbox 956 2349 1043 2394; x_wconf 87' lang='lat' dir='ltr'>auno</span> <span class='ocrx_word' id='word_1_163' title='bbox 1059 2336 1136 2394; x_wconf 88' lang='lat' dir='ltr'>aute</span> <span class='ocrx_word' id='word_1_164' title='bbox 1150 2327 1208 2393; x_wconf 85' lang='lat' dir='ltr'>Ar.</span> <span class='ocrx_word' id='word_1_165' title='bbox 1225 2327 1403 2401; x_wconf 88' lang='lat' dir='ltr'>Rufinum,</span> 
     </span>
     <span class='ocr_line' id='line_1_21' title="bbox 304 2427 1405 2513; baseline -0.013 -10"><span class='ocrx_word' id='word_1_166' title='bbox 304 2439 397 2504; x_wconf 88' lang='lat' dir='ltr'>urbis</span> <span class='ocrx_word' id='word_1_167' title='bbox 412 2435 609 2502; x_wconf 73' lang='lat' dir='ltr'>Praefectos.</span> <span class='ocrx_word' id='word_1_168' title='bbox 651 2429 853 2496; x_wconf 87' lang='lat' dir='ltr'>Posterioris</span> <span class='ocrx_word' id='word_1_169' title='bbox 873 2429 976 2513; x_wconf 87' lang='lat' dir='ltr'>hujus</span> <span class='ocrx_word' id='word_1_170' title='bbox 999 2427 1099 2501; x_wconf 84' lang='lat' dir='ltr'>filius,</span> <span class='ocrx_word' id='word_1_171' title='bbox 1122 2433 1160 2490; x_wconf 91' lang='lat' dir='ltr'>ut</span> <span class='ocrx_word' id='word_1_172' title='bbox 1181 2427 1312 2506; x_wconf 87' lang='lat' dir='ltr'>opinor,</span> <span class='ocrx_word' id='word_1_173' title='bbox 1329 2427 1405 2491; x_wconf 91' lang='lat' dir='ltr'>col-</span> 
     </span>
     <span class='ocr_line' id='line_1_22' title="bbox 208 2517 1510 2625; baseline -0.018 -19"><span class='ocrx_word' id='word_1_174' title='bbox 208 2577 213 2590; x_wconf 90' lang='lat'>·</span> <span class='ocrx_word' id='word_1_175' title='bbox 305 2540 381 2625; x_wconf 83' lang='lat' dir='ltr'>lega</span> <span class='ocrx_word' id='word_1_176' title='bbox 410 2539 511 2604; x_wconf 88' lang='lat' dir='ltr'>etiam</span> <span class='ocrx_word' id='word_1_177' title='bbox 533 2536 597 2602; x_wconf 83' lang='lat' dir='ltr'>luit</span> <span class='ocrx_word' id='word_1_178' title='bbox 624 2535 658 2600; x_wconf 91' lang='lat' dir='ltr'>in</span> <span class='ocrx_word' id='word_1_179' title='bbox 680 2527 866 2600; x_wconf 84' lang='lat' dir='ltr'>Consulatu</span> <span class='ocrx_word' id='word_1_180' title='bbox 896 2530 937 2596; x_wconf 87' lang='lat' dir='ltr'>L.</span> <span class='ocrx_word' id='word_1_181' title='bbox 965 2526 1024 2591; x_wconf 88' lang='lat' dir='ltr'>Ar.</span> <span class='ocrx_word' id='word_1_182' title='bbox 1046 2523 1124 2588; x_wconf 90' lang='lat' dir='ltr'>Val.</span> <span class='ocrx_word' id='word_1_183' title='bbox 1147 2517 1287 2586; x_wconf 63' lang='lat' dir='ltr'>‘Proculi</span> <span class='ocrx_word' id='word_1_184' title='bbox 1305 2535 1406 2590; x_wconf 80' lang='lat' dir='ltr'>¹annu</span> <span class='ocrx_word' id='word_1_185' title='bbox 1509 2597 1510 2604; x_wconf 6' lang='grc' dir='ltr'>ἵ</span> 
     </span>
     <span class='ocr_line' id='line_1_23' title="bbox 306 2621 1404 2716; baseline -0.018 -7"><span class='ocrx_word' id='word_1_186' title='bbox 306 2659 431 2709; x_wconf 80' lang='lat' dir='ltr'>uxcrr.</span> <span class='ocrx_word' id='word_1_187' title='bbox 475 2639 530 2705; x_wconf 82' lang='lat' dir='ltr'>Ex</span> <span class='ocrx_word' id='word_1_188' title='bbox 551 2638 631 2716; x_wconf 89' lang='lat' dir='ltr'>illis,</span> <span class='ocrx_word' id='word_1_189' title='bbox 659 2635 780 2712; x_wconf 88' lang='lat' dir='ltr'>Basso,</span> <span class='ocrx_word' id='word_1_190' title='bbox 802 2637 836 2698; x_wconf 89' lang='lat' dir='ltr'>et</span> <span class='ocrx_word' id='word_1_191' title='bbox 864 2631 1042 2716; x_wconf 83' lang='lat' dir='ltr'>Acindyuo</span> <span class='ocrx_word' id='word_1_192' title='bbox 1078 2632 1184 2711; x_wconf 88' lang='lat' dir='ltr'>patre,</span> <span class='ocrx_word' id='word_1_193' title='bbox 1208 2621 1404 2690; x_wconf 87' lang='lat' dir='ltr'>alterutrum</span> 
     </span>
     <span class='ocr_line' id='line_1_24' title="bbox 306 2727 1404 2819; baseline -0.02 -7"><span class='ocrx_word' id='word_1_194' title='bbox 306 2743 501 2812; x_wconf 74' lang='lat' dir='ltr'>crediderim</span> <span class='ocrx_word' id='word_1_195' title='bbox 521 2740 627 2806; x_wconf 81' lang='lat' dir='ltr'>luisse</span> <span class='ocrx_word' id='word_1_196' title='bbox 648 2741 794 2802; x_wconf 85' lang='lat' dir='ltr'>nostrum</span> <span class='ocrx_word' id='word_1_197' title='bbox 822 2731 1034 2819; x_wconf 80' lang='lat' dir='ltr'>Septimium.</span> <span class='ocrx_word' id='word_1_198' title='bbox 1091 2727 1180 2794; x_wconf 83' lang='lat' dir='ltr'>Num</span> <span class='ocrx_word' id='word_1_199' title='bbox 1209 2732 1309 2802; x_wconf 88' lang='lat' dir='ltr'>certe,</span> <span class='ocrx_word' id='word_1_200' title='bbox 1340 2729 1404 2810; x_wconf 89' lang='lat' dir='ltr'>qui</span> 
     </span>
     <span class='ocr_line' id='line_1_25' title="bbox 304 2827 1403 2910; baseline -0.016 -2"><span class='ocrx_word' id='word_1_201' title='bbox 304 2845 392 2910; x_wconf 85' lang='lat' dir='ltr'>hanc</span> <span class='ocrx_word' id='word_1_202' title='bbox 406 2842 589 2906; x_wconf 85' lang='lat' dir='ltr'>versionem</span> <span class='ocrx_word' id='word_1_203' title='bbox 610 2843 680 2899; x_wconf 88' lang='lat' dir='ltr'>tam</span> <span class='ocrx_word' id='word_1_204' title='bbox 700 2835 907 2898; x_wconf 78' lang='lat' dir='ltr'>familiariter</span> <span class='ocrx_word' id='word_1_205' title='bbox 921 2835 1014 2897; x_wconf 84' lang='lat' dir='ltr'>misit</span> <span class='ocrx_word' id='word_1_206' title='bbox 1034 2833 1077 2896; x_wconf 80' lang='lat' dir='ltr'>ud</span> <span class='ocrx_word' id='word_1_207' title='bbox 1093 2830 1138 2908; x_wconf 83' lang='lat' dir='ltr'>Q.</span> <span class='ocrx_word' id='word_1_208' title='bbox 1154 2827 1212 2892; x_wconf 83' lang='lat' dir='ltr'>Ar.</span> <span class='ocrx_word' id='word_1_209' title='bbox 1229 2827 1403 2904; x_wconf 76' lang='lat' dir='ltr'>Rufinum,</span> 
     </span>
     <span class='ocr_line' id='line_1_26' title="bbox 304 2913 1402 3014; baseline -0.015 -6"><span class='ocrx_word' id='word_1_210' title='bbox 304 2943 412 3008; x_wconf 76' lang='lat' dir='ltr'>&#39;uirum</span> <span class='ocrx_word' id='word_1_211' title='bbox 427 2937 512 3002; x_wconf 92' lang='lat' dir='ltr'>adeo</span> <span class='ocrx_word' id='word_1_212' title='bbox 525 2934 702 3009; x_wconf 88' lang='lat' dir='ltr'>illustrem,</span> <span class='ocrx_word' id='word_1_213' title='bbox 717 2932 857 3014; x_wconf 86' lang='lat' dir='ltr'>ejusque</span> <span class='ocrx_word' id='word_1_214' title='bbox 870 2933 1020 2998; x_wconf 81' lang='lat' dir='ltr'>levorem</span> <span class='ocrx_word' id='word_1_215' title='bbox 1037 2930 1134 3013; x_wconf 82' lang='lat' dir='ltr'>quusi</span> <span class='ocrx_word' id='word_1_216' title='bbox 1153 2928 1229 3012; x_wconf 91' lang='lat' dir='ltr'>jure</span> <span class='ocrx_word' id='word_1_217' title='bbox 1244 2913 1402 2992; x_wconf 78' lang='lat' dir='ltr'>suoexe·</span> 
     </span>
     <span class='ocr_line' id='line_1_27' title="bbox 306 3012 1510 3126; baseline -0.013 -21"><span class='ocrx_word' id='word_1_218' title='bbox 306 3043 365 3126; x_wconf 78' lang='lat' dir='ltr'>git,</span> <span class='ocrx_word' id='word_1_219' title='bbox 377 3045 413 3106; x_wconf 88' lang='lat' dir='ltr'>ut</span> <span class='ocrx_word' id='word_1_220' title='bbox 435 3037 606 3113; x_wconf 84' lang='lat' dir='ltr'>scriberet,</span> <span class='ocrx_word' id='word_1_221' title='bbox 622 3039 633 3070; x_wconf 89' lang='lat'>‘</span> <span class='ocrx_word' id='word_1_222' title='bbox 647 3033 712 3112; x_wconf 74' lang='lat' dir='ltr'>uu,</span> <span class='ocrx_word' id='word_1_223' title='bbox 728 3032 852 3098; x_wconf 85' lang='lat' dir='ltr'>Rufino</span> <span class='ocrx_word' id='word_1_224' title='bbox 867 3035 925 3112; x_wconf 91' lang='lat' dir='ltr'>mi,</span> <span class='ocrx_word' id='word_1_225' title='bbox 944 3038 981 3098; x_wconf 91' lang='lat' dir='ltr'>ut</span> <span class='ocrx_word' id='word_1_226' title='bbox 996 3048 1072 3097; x_wconf 79' lang='lat' dir='ltr'>rau</span> <span class='ocrx_word' id='word_1_227' title='bbox 1087 3036 1149 3100; x_wconf 87' lang='lat' dir='ltr'>est,</span> <span class='ocrx_word' id='word_1_228' title='bbox 1163 3031 1241 3094; x_wconf 83' lang='lat' dir='ltr'>fave</span> <span class='ocrx_word' id='word_1_229' title='bbox 1254 3012 1404 3112; x_wconf 49' lang='lat' dir='ltr'>coepti&amp;</span> <span class='ocrx_word' id='word_1_230' title='bbox 1509 3015 1510 3088; x_wconf 74' lang='lat' dir='ltr'>l</span> 
     </span>
    </p>
   </div>
   <div class='ocr_carea' id='block_1_8' title="bbox 305 3129 1510 3308">
    <p class='ocr_par' dir='ltr' id='par_1_9' title="bbox 305 3129 1510 3308">
     <span class='ocr_line' id='line_1_28' title="bbox 307 3129 1510 3225; baseline -0.017 -19"><span class='ocrx_word' id='word_1_231' title='bbox 307 3161 383 3208; x_wconf 91' lang='lat' dir='ltr'>eum</span> <span class='ocrx_word' id='word_1_232' title='bbox 398 3144 530 3225; x_wconf 89' lang='lat' dir='ltr'>oportet</span> <span class='ocrx_word' id='word_1_233' title='bbox 544 3137 661 3202; x_wconf 87' lang='lat' dir='ltr'>itidem</span> <span class='ocrx_word' id='word_1_234' title='bbox 673 3135 782 3206; x_wconf 80' lang='lat' dir='ltr'>fuisse</span> <span class='ocrx_word' id='word_1_235' title='bbox 795 3133 936 3200; x_wconf 87' lang='lat' dir='ltr'>iortuuae</span> <span class='ocrx_word' id='word_1_236' title='bbox 953 3141 988 3198; x_wconf 91' lang='lat' dir='ltr'>et</span> <span class='ocrx_word' id='word_1_237' title='bbox 1006 3131 1176 3214; x_wconf 81' lang='lat' dir='ltr'>diguitatis</span> <span class='ocrx_word' id='word_1_238' title='bbox 1190 3129 1280 3195; x_wconf 89' lang='lat' dir='ltr'>haud</span> <span class='ocrx_word' id='word_1_239' title='bbox 1294 3129 1399 3194; x_wconf 90' lang='lat' dir='ltr'>multo</span> <span class='ocrx_word' id='word_1_240' title='bbox 1509 3179 1510 3186; x_wconf 74' lang='grc'>,</span> 
     </span>
     <span class='ocr_line' id='line_1_29' title="bbox 305 3229 1510 3308; baseline -0.013 -2"><span class='ocrx_word' id='word_1_241' title='bbox 305 3240 467 3306; x_wconf 82' lang='lat' dir='ltr'>inferioris</span> <span class='ocrx_word' id='word_1_242' title='bbox 492 3237 670 3302; x_wconf 84' lang='lat' dir='ltr'>hominem.</span> <span class='ocrx_word' id='word_1_243' title='bbox 699 3233 933 3300; x_wconf 48' lang='lat' dir='ltr'>&#39;Verumuter</span> <span class='ocrx_word' id='word_1_244' title='bbox 956 3235 1103 3308; x_wconf 90' lang='lat' dir='ltr'>illorum,</span> <span class='ocrx_word' id='word_1_245' title='bbox 1118 3232 1219 3296; x_wconf 89' lang='lat' dir='ltr'>immo</span> <span class='ocrx_word' id='word_1_246' title='bbox 1234 3229 1338 3293; x_wconf 89' lang='lat' dir='ltr'>etiam</span> <span class='ocrx_word' id='word_1_247' title='bbox 1354 3247 1399 3292; x_wconf 84' lang='lat' dir='ltr'>un</span> <span class='ocrx_word' id='word_1_248' title='bbox 1509 3273 1510 3298; x_wconf 59' lang='lat'><em>2</em></span> 
     </span>
    </p>
   </div>
   <div class='ocr_carea' id='block_1_9' title="bbox 306 3331 1403 3521">
    <p class='ocr_par' dir='ltr' id='par_1_10' title="bbox 306 3331 1403 3521">
     <span class='ocr_line' id='line_1_30' title="bbox 306 3331 1403 3422; baseline -0.011 -17"><span class='ocrx_word' id='word_1_249' title='bbox 306 3342 404 3422; x_wconf 86' lang='lat' dir='ltr'>plane</span> <span class='ocrx_word' id='word_1_250' title='bbox 416 3338 583 3420; x_wconf 90' lang='lat' dir='ltr'>quispiam</span> <span class='ocrx_word' id='word_1_251' title='bbox 599 3355 645 3400; x_wconf 83' lang='lat' dir='ltr'>ex</span> <span class='ocrx_word' id='word_1_252' title='bbox 660 3336 741 3412; x_wconf 87' lang='lat' dir='ltr'>illis,</span> <span class='ocrx_word' id='word_1_253' title='bbox 751 3335 877 3419; x_wconf 86' lang='lat' dir='ltr'>Dictyn</span> <span class='ocrx_word' id='word_1_254' title='bbox 889 3338 976 3400; x_wconf 86' lang='lat' dir='ltr'>hunc</span> <span class='ocrx_word' id='word_1_255' title='bbox 992 3334 1115 3398; x_wconf 83' lang='lat' dir='ltr'>Latine</span> <span class='ocrx_word' id='word_1_256' title='bbox 1128 3331 1403 3400; x_wconf 75' lang='lat' dir='ltr'>ornaveritlocu·</span> 
     </span>
     <span class='ocr_line' id='line_1_31' title="bbox 306 3432 1316 3521; baseline -0.012 -15"><span class='ocrx_word' id='word_1_257' title='bbox 306 3441 405 3516; x_wconf 89' lang='lat' dir='ltr'>tione,</span> <span class='ocrx_word' id='word_1_258' title='bbox 419 3438 501 3521; x_wconf 93' lang='lat' dir='ltr'>quia</span> <span class='ocrx_word' id='word_1_259' title='bbox 515 3439 676 3502; x_wconf 84' lang='lat' dir='ltr'>incertum</span> <span class='ocrx_word' id='word_1_260' title='bbox 691 3442 758 3510; x_wconf 88' lang='lat' dir='ltr'>est,</span> <span class='ocrx_word' id='word_1_261' title='bbox 767 3434 998 3518; x_wconf 86' lang='lat' dir='ltr'>relinquemus</span> <span class='ocrx_word' id='word_1_262' title='bbox 1013 3436 1047 3498; x_wconf 93' lang='lat' dir='ltr'>in</span> <span class='ocrx_word' id='word_1_263' title='bbox 1062 3432 1184 3498; x_wconf 87' lang='lat' dir='ltr'>toedio.</span> <span class='ocrx_word' id='word_1_264' title='bbox 1303 3493 1316 3514; x_wconf 78' lang='lat'>‚</span> 
     </span>
    </p>
   </div>
   <div class='ocr_carea' id='block_1_10' title="bbox 211 3515 1510 3614">
    <p class='ocr_par' dir='ltr' id='par_1_11' title="bbox 211 3515 1510 3614">
     <span class='ocr_line' id='line_1_32' title="bbox 211 3515 1510 3614; baseline -0.01 -5"><span class='ocrx_word' id='word_1_265' title='bbox 211 3529 216 3536; x_wconf 62' lang='grc'><strong>’</strong></span> <span class='ocrx_word' id='word_1_266' title='bbox 275 3578 281 3592; x_wconf 79' lang='lat'>›</span> <span class='ocrx_word' id='word_1_267' title='bbox 351 3532 494 3606; x_wconf 55' lang='lat' dir='ltr'>dxxvi.</span> <span class='ocrx_word' id='word_1_268' title='bbox 518 3537 595 3601; x_wconf 89' lang='lat' dir='ltr'>Hoc</span> <span class='ocrx_word' id='word_1_269' title='bbox 611 3535 733 3600; x_wconf 84' lang='lat' dir='ltr'>certius</span> <span class='ocrx_word' id='word_1_270' title='bbox 749 3536 1006 3601; x_wconf 82' lang='lat' dir='ltr'>arbitremurex</span> <span class='ocrx_word' id='word_1_271' title='bbox 1022 3543 1122 3600; x_wconf 85' lang='lat' dir='ltr'>eetete</span> <span class='ocrx_word' id='word_1_272' title='bbox 1138 3533 1182 3614; x_wconf 84' lang='lat' dir='ltr'>Q.</span> <span class='ocrx_word' id='word_1_273' title='bbox 1196 3532 1314 3598; x_wconf 84' lang='lat' dir='ltr'>Aradii</span> <span class='ocrx_word' id='word_1_274' title='bbox 1326 3535 1397 3600; x_wconf 88' lang='lat' dir='ltr'>Ru·</span> <span class='ocrx_word' id='word_1_275' title='bbox 1509 3515 1510 3550; x_wconf 69' lang='lat'>³</span> 
     </span>
    </p>
   </div>
   <div class='ocr_carea' id='block_1_11' title="bbox 306 3635 1399 3724">
    <p class='ocr_par' dir='ltr' id='par_1_12' title="bbox 306 3635 1399 3724">
     <span class='ocr_line' id='line_1_33' title="bbox 306 3635 1399 3724; baseline -0.008 -16"><span class='ocrx_word' id='word_1_276' title='bbox 306 3643 375 3720; x_wconf 86' lang='lat' dir='ltr'>fini,</span> <span class='ocrx_word' id='word_1_277' title='bbox 391 3640 588 3724; x_wconf 88' lang='lat' dir='ltr'>Septimium</span> <span class='ocrx_word' id='word_1_278' title='bbox 613 3635 713 3713; x_wconf 89' lang='lat' dir='ltr'>huuc,</span> <span class='ocrx_word' id='word_1_279' title='bbox 728 3635 884 3718; x_wconf 77' lang='lat' dir='ltr'>quisquis</span> <span class='ocrx_word' id='word_1_280' title='bbox 907 3635 983 3712; x_wconf 85' lang='lat' dir='ltr'>suit,</span> <span class='ocrx_word' id='word_1_281' title='bbox 1004 3636 1133 3700; x_wconf 81' lang='lat' dir='ltr'>vixisse</span> <span class='ocrx_word' id='word_1_282' title='bbox 1153 3641 1187 3700; x_wconf 89' lang='lat' dir='ltr'>et</span> <span class='ocrx_word' id='word_1_283' title='bbox 1214 3635 1399 3718; x_wconf 84' lang='lat' dir='ltr'>versionem</span> 
     </span>
    </p>
   </div>
   <div class='ocr_carea' id='block_1_12' title="bbox 305 3737 1510 3820">
    <p class='ocr_par' dir='ltr' id='par_1_13' title="bbox 305 3737 1510 3820">
     <span class='ocr_line' id='line_1_34' title="bbox 305 3737 1510 3820; baseline -0.008 -12"><span class='ocrx_word' id='word_1_284' title='bbox 305 3745 391 3810; x_wconf 87' lang='lat' dir='ltr'>hano</span> <span class='ocrx_word' id='word_1_285' title='bbox 413 3741 600 3807; x_wconf 86' lang='lat' dir='ltr'>confecisse</span> <span class='ocrx_word' id='word_1_286' title='bbox 630 3746 782 3820; x_wconf 71' lang='lat' dir='ltr'>&#39;tempore</span> <span class='ocrx_word' id='word_1_287' title='bbox 811 3737 1016 3802; x_wconf 90' lang='lat' dir='ltr'>Diocletiani</span> <span class='ocrx_word' id='word_1_288' title='bbox 1045 3751 1106 3801; x_wconf 89' lang='lat' dir='ltr'>aut</span> <span class='ocrx_word' id='word_1_289' title='bbox 1127 3737 1267 3814; x_wconf 87' lang='lat' dir='ltr'>circiter,</span> <span class='ocrx_word' id='word_1_290' title='bbox 1297 3742 1396 3818; x_wconf 90' lang='lat' dir='ltr'>atque</span> <span class='ocrx_word' id='word_1_291' title='bbox 1509 3811 1510 3814; x_wconf 8' lang='grc' dir='ltr'><strong>Ἴ</strong></span> 
     </span>
    </p>
   </div>
   <div class='ocr_carea' id='block_1_13' title="bbox 307 3837 1396 4232">
    <p class='ocr_par' dir='ltr' id='par_1_14' title="bbox 307 3837 1396 4232">
     <span class='ocr_line' id='line_1_35' title="bbox 307 3837 1396 3928; baseline -0.008 -20"><span class='ocrx_word' id='word_1_292' title='bbox 307 3847 392 3912; x_wconf 83' lang='lat' dir='ltr'>odeo</span> <span class='ocrx_word' id='word_1_293' title='bbox 416 3845 519 3928; x_wconf 86' lang='lat' dir='ltr'>paulo</span> <span class='ocrx_word' id='word_1_294' title='bbox 543 3848 632 3920; x_wconf 85' lang='lat' dir='ltr'>unte,</span> <span class='ocrx_word' id='word_1_295' title='bbox 647 3857 746 3924; x_wconf 88' lang='lat' dir='ltr'>quam</span> <span class='ocrx_word' id='word_1_296' title='bbox 762 3838 1035 3905; x_wconf 77' lang='lat' dir='ltr'>christianismus</span> <span class='ocrx_word' id='word_1_297' title='bbox 1059 3840 1094 3904; x_wconf 91' lang='lat' dir='ltr'>in</span> <span class='ocrx_word' id='word_1_298' title='bbox 1118 3839 1299 3921; x_wconf 88' lang='lat' dir='ltr'>Imperium</span> <span class='ocrx_word' id='word_1_299' title='bbox 1321 3837 1396 3900; x_wconf 65' lang='lat' dir='ltr'>‘Ro-</span> 
     </span>
     <span class='ocr_line' id='line_1_36' title="bbox 307 3937 1396 4025; baseline -0.007 -17"><span class='ocrx_word' id='word_1_300' title='bbox 307 3945 529 4010; x_wconf 75' lang='lat' dir='ltr'>manumisit</span> <span class='ocrx_word' id='word_1_301' title='bbox 558 3943 693 4008; x_wconf 83' lang='lat' dir='ltr'>tandem</span> <span class='ocrx_word' id='word_1_302' title='bbox 721 3941 857 4022; x_wconf 88' lang='lat' dir='ltr'>publico</span> <span class='ocrx_word' id='word_1_303' title='bbox 878 3946 1046 4025; x_wconf 85' lang='lat' dir='ltr'>receptus.</span> <span class='ocrx_word' id='word_1_304' title='bbox 1091 3938 1193 4019; x_wconf 85' lang='lat' dir='ltr'>Quin,</span> <span class='ocrx_word' id='word_1_305' title='bbox 1219 3957 1295 4002; x_wconf 91' lang='lat' dir='ltr'>cum</span> <span class='ocrx_word' id='word_1_306' title='bbox 1316 3937 1396 4000; x_wconf 84' lang='lat' dir='ltr'>huic</span> 
     </span>
     <span class='ocr_line' id='line_1_37' title="bbox 309 4037 1396 4128; baseline -0.009 -20"><span class='ocrx_word' id='word_1_307' title='bbox 309 4043 563 4110; x_wconf 76' lang='lat' dir='ltr'>christianismo</span> <span class='ocrx_word' id='word_1_308' title='bbox 572 4044 849 4109; x_wconf 68' lang='lat' dir='ltr'>&#39;adversos&#39;etium</span> <span class='ocrx_word' id='word_1_309' title='bbox 865 4049 985 4128; x_wconf 82' lang='lat' dir='ltr'>postca</span> <span class='ocrx_word' id='word_1_310' title='bbox 996 4043 1099 4106; x_wconf 83' lang='lat' dir='ltr'>luisse</span> <span class='ocrx_word' id='word_1_311' title='bbox 1113 4041 1289 4125; x_wconf 88' lang='lat' dir='ltr'>plerosque</span> <span class='ocrx_word' id='word_1_312' title='bbox 1304 4037 1396 4102; x_wconf 68' lang='lat' dir='ltr'>illus÷</span> 
     </span>
     <span class='ocr_line' id='line_1_38' title="bbox 309 4141 1394 4232; baseline -0.007 -20"><span class='ocrx_word' id='word_1_313' title='bbox 309 4153 374 4212; x_wconf 87' lang='lat' dir='ltr'>tres</span> <span class='ocrx_word' id='word_1_314' title='bbox 397 4145 486 4208; x_wconf 87' lang='lat' dir='ltr'>urbis</span> <span class='ocrx_word' id='word_1_315' title='bbox 510 4145 672 4232; x_wconf 68' lang='lat' dir='ltr'>Romanae</span> <span class='ocrx_word' id='word_1_316' title='bbox 695 4143 881 4222; x_wconf 78' lang='lat' dir='ltr'>Senatores,</span> <span class='ocrx_word' id='word_1_317' title='bbox 896 4146 953 4212; x_wconf 83' lang='lat' dir='ltr'>vel</span> <span class='ocrx_word' id='word_1_318' title='bbox 974 4141 1239 4224; x_wconf 62' lang='lat' dir='ltr'>ex&#39;Symmeclro</span> <span class='ocrx_word' id='word_1_319' title='bbox 1255 4148 1394 4216; x_wconf 89' lang='lat' dir='ltr'>constet,</span> 
     </span>
    </p>
   </div>
   <div class='ocr_carea' id='block_1_14' title="bbox 0 0 1525 4916">
    <p class='ocr_par' dir='ltr' id='par_1_15' title="bbox 0 0 1525 4916">
     <span class='ocr_line' id='line_1_39' title="bbox 0 0 1525 4916; baseline 0 0"><span class='ocrx_word' id='word_1_320' title='bbox 0 0 1525 4916; x_wconf 95' lang='lat' dir='ltr'> </span> 
     </span>
    </p>
   </div>
  </div>
 </body>
</html>
