3036 4918
309 271 330 334 4
758 281 949 330 nrrsuoua.

307 425 393 490 inira
407 433 439 492 te
461 424 606 507 positum
621 421 754 504 premis,
768 421 897 504 qnippe
912 419 1001 484 omni
1015 417 1263 504 disciplinarum
1279 439 1394 502 genere

310 526 497 599 instructus.
508 524 550 589 ad
565 523 667 588 altam
682 521 921 603 sapientissimi
934 519 1072 584 Irodniei
1081 521 1169 602 regis
1184 519 1395 602 prudentiam

307 625 379 708 jam
395 626 535 707 aspiras.
580 623 718 688 Fuerint
738 622 789 686 illi
813 622 946 704 quidem
969 621 1125 684 bnetenm
1140 627 1220 704 post
1247 640 1284 686 se
1306 623 1396 686 natis

311 725 497 789 bominibus
512 721 707 788 imitandum
721 720 916 804 exemplar:
937 740 1049 784 eornm
1061 721 1133 804 jam
1145 721 1248 785 vicem
1258 727 1396 804 praesla·

311 825 364 888 bit
383 823 626 888 invictissimus
648 821 706 886 ille
726 839 849 904 parens
863 830 953 898 tuus,
976 841 1086 904 quern,
1101 829 1139 886 ut
1159 841 1257 898 nnnc,
1271 827 1304 886 et
1318 822 1397 886 olim
1512 847 1513 866 κ

313 925 481 990 bominum
507 941 610 1006 genus
632 921 729 1005 quasi
754 920 878 984 Divum
899 921 1118 998 venerabitur,
1137 922 1267 1004 sibique
1290 921 1398 986 solum
1512 905 1513 956 l

313 1025 506 1090 imitandum
522 1029 694 1106 proponet.
749 1019 925 1104 Adeoque,
941 1021 1031 1103 quod
1042 1020 1084 1085 de
1103 1021 1244 1104 imagine
1257 1021 1399 1105 quadam

312 1123 455 1190 Veneris
467 1124 547 1188 olim
561 1122 688 1188 dietum
704 1129 767 1198 est,
781 1141 824 1185 ex
839 1139 881 1185 ea
894 1121 998 1186 fuisse
1009 1120 1052 1185 de
1063 1123 1244 1206 puellarum
1257 1121 1400 1204 pulcbri·

313 1226 423 1290 tudine
432 1225 631 1308 judicatum,
646 1231 683 1286 ut
698 1241 775 1305 quse
791 1221 927 1304 imagini
942 1221 1082 1286 similior
1103 1227 1204 1298 esset,
1217 1241 1258 1286 ea
1279 1219 1400 1286 furmu-

315 1325 450 1388 sissimu
471 1323 648 1400 diceretur,
662 1323 704 1388 de
727 1323 816 1388 almo
837 1329 896 1386 tuo
912 1332 1047 1406 parente
1062 1323 1144 1388 illud
1159 1321 1273 1405 utique
1287 1339 1401 1386 uerum

315 1425 389 1501 erit,
404 1424 446 1488 ad
462 1423 560 1506 cujus
582 1425 731 1506 iugentia
752 1425 843 1488 iacta
870 1444 936 1506 qun
957 1425 1094 1507 propius
1108 1423 1200 1488 beati
1214 1423 1331 1488 berods
1346 1441 1401 1487 ac·

316 1524 490 1598 cesserint,
506 1542 547 1586 eu
573 1523 717 1605 emplius
739 1542 776 1586 se
802 1525 835 1586 in
854 1523 1000 1587 heroicis
1023 1525 1201 1588 virtutibus
1219 1522 1401 1606 proiecisse
1513 1537 1514 1576 l

317 1623 568 1686 arbitrabuntur.
612 1621 733 1704 Perge,
757 1622 867 1704 igitur,
902 1623 1105 1686 Dnnrurus
1131 1623 1401 1698 Sannnrssrns,

316 1739 426 1804 perge,
448 1727 486 1784 nt
507 1721 604 1797 facis,
627 1720 778 1803 vestigiis
796 1721 869 1804 ejus
884 1722 1050 1800 insistere,
1073 1722 1178 1788 donec
1199 1723 1316 1788 divina
1343 1723 1399 1786 illa

317 1823 490 1903 sapientia,
501 1840 578 1904 quee
595 1821 690 1884 illum
706 1821 854 1898 irradiat,
867 1821 1008 1896 afflatus,
1022 1823 1071 1886 ita
1082 1841 1161 1889 enm
1174 1842 1215 1886 eo
1230 1823 1403 1904 refnlgeas.

320 1923 440 2005 Neque
456 1923 542 1986 enim
558 1921 650 1985 aliud
666 1921 726 1986 tibi
742 1942 763 1986 a
778 1923 852 1986 Deo
865 1922 1002 2005 Optimo
1014 1921 1166 1989 Maximo
1178 1933 1230 1988 est
1244 1930 1405 2006 expeten-

319 2023 411 2100 dum,
427 2024 482 2105 qui
498 2023 559 2086 tibi
583 2025 712 2105 reliqua
740 2025 853 2088 omnia
873 2025 1019 2103 benignu
1040 2045 1139 2090 rnnnu
1162 2025 1304 2106 largitus
1331 2031 1403 2089 est:

317 2123 522 2187 nobilitatem
539 2142 618 2202 qun,
635 2125 663 2186 si
680 2123 723 2186 ab
738 2123 854 2186 ultima
869 2130 1036 2207 repetmur
1050 2125 1187 2206 origiue,
1202 2143 1244 2188 ne
1260 2124 1294 2188 in
1309 2124 1404 2190 fabu-

318 2223 362 2286 lis
395 2222 525 2305 quidem
555 2224 694 2286 inveniri
720 2223 832 2305 possit
860 2225 1040 2308 antiquior:
1078 2223 1217 2288 formam
1254 2228 1404 2308 corporis

319 2323 495 2403 egregiam,
511 2327 544 2384 et
557 2341 657 2401 regno
673 2323 728 2385 cui
739 2329 839 2386 natus
854 2343 892 2388 es
907 2324 1038 2405 dignam
1053 2345 1061 2388 z
1086 2325 1261 2406 ingenium,
1276 2324 1319 2388 ad
1334 2345 1405 2389 nm·

318 2422 409 2483 nium
426 2421 484 2502 qui
512 2428 543 2484 te
570 2421 692 2485 adeunt
713 2423 986 2489 admirationem:
1008 2425 1207 2509 praeclaram
1232 2431 1265 2490 et
1289 2424 1404 2489 loetam

318 2519 487 2596 indolem
508 2522 663 2600 pietatem
687 2521 830 2605 denique
850 2525 1009 2606 singulari
1035 2525 1221 2588 eruditione
1245 2522 1406 2606 conjunc-

319 2625 406 2684 tam:
423 2639 498 2703 qnae
516 2641 591 2684 cum
610 2622 688 2686 olim
713 2625 841 2688 coelesti
864 2626 922 2690 illa
946 2625 1110 2708 sapientia
1125 2625 1222 2708 quasi
1235 2624 1405 2688 cumulata
1424 2639 1428 2646 ·

318 2720 447 2796 fuerint,
464 2728 533 2786 tum
556 2729 642 2786 certe
665 2725 913 2808 sapientissimo
938 2735 997 2791 tuo
1021 2726 1147 2810 parenti
1165 2725 1237 2808 jam
1259 2725 1405 2808 propior,

320 2827 389 2884 tum
408 2840 507 2901 super
522 2822 608 2884 elius
622 2840 715 2904 reges
729 2823 889 2898 eveheris,
905 2843 1004 2904 quarn
1019 2843 1107 2887 nunc
1123 2825 1289 2905 reliquum
1311 2843 1406 2888 omne
1516 2845 1517 2912 t

320 2920 459 2984 mortale
474 2939 578 3001 genus
594 2925 826 3004 superemines.
870 2923 935 2986 Sed
949 2923 1157 2986 invenustum
1167 2927 1219 2985 est
1233 2928 1265 2986 to
1279 2922 1407 2986 diutins
1516 2917 1517 2922 ’

321 3022 454 3096 morari,
471 3022 672 3086 Danrnrrrn
688 3024 956 3108 Sunnnrssrnu,
968 3023 1023 3085 cui

406 3121 428 3185 J
431 3141 484 3186 am
502 3125 592 3188 venit
607 3143 649 3187 en
665 3126 768 3206 virgo,
777 3125 850 3208 jam
864 3123 990 3186 dicetur
1005 3121 1222 3204 Hymenaens,

408 3222 552 3304 Hymen,
567 3242 589 3286 o
608 3223 803 3305 Hymenaee,
821 3223 955 3305 Hymen
974 3220 1065 3296 ades,
1082 3241 1103 3285 n
1119 3221 1321 3305 Hymenaee.

409 3320 525 3385 Loetns
541 3325 641 3386 ades!

321 3423 409 3490 Vale
424 3425 532 3507 igitur,
545 3423 749 3486 Dnnrrrrnn
759 3424 1028 3499 Suauurssrrrn,
1042 3429 1146 3505 tuque
1162 3423 1252 3487 alma
1267 3424 1406 3490 victoria

324 3525 569 3589 Suasnrssrnr
599 3523 789 3585 Dunnrrrnr
827 3520 1051 3586 Sanctissima
1079 3521 1215 3605 conjux.
1272 3521 1406 3600 Valete,

324 3645 400 3688 rnen
424 3623 600 3707 praeseutia
614 3622 758 3698 numina,
773 3641 888 3704 meque
909 3639 1082 3703 meumque
1096 3621 1181 3685 hunc
1196 3623 1342 3688 laborem
1356 3628 1407 3690 ia·

325 3731 437 3789 ventes
454 3721 605 3804 aspicite,
620 3722 735 3803 sicque
751 3724 846 3786 vobis

453 3823 522 3888 Det
533 3821 692 3902 juvenum
708 3823 830 3886 cultrix
845 3824 969 3905 prolem
984 3823 1112 3890 Latnua
1123 3825 1266 3904 beatam,

374 3963 378 3970 «
495 3920 635 4003 Vosque
649 3943 731 4004 pner
744 3924 833 3988 laetis
846 3925 977 4007 ignibus
991 3931 1064 3998 urat
1080 3926 1193 3990 Amor.

423 4061 528 4110 Parisiis
542 4067 564 4110 l.
576 4061 634 4110 Kal.
647 4063 726 4114 lllart.
737 4069 809 4115 168⁰.
