3036 4918
343 379 392 426 uu
414 377 592 428 ursroara
618 368 728 440 nsum
752 359 925 431 unorlnr.
1125 370 1169 435 65

87 523 197 612 praelii
225 527 315 609 adigi
342 528 491 592 homines
521 528 566 591 ad
595 527 835 610 aggrediendus
861 529 985 609 hostes,
999 539 1034 596 et
1058 539 1166 598 tumen

13 659 14 662 ¹
88 628 244 694 Paridem
272 629 306 692 iu
332 628 392 692 illo
420 629 596 694 certamine
625 629 715 694 haud
743 630 842 694 dubie
864 630 1037 694 vitaturum
1062 632 1167 698 fuisse

88 727 262 804 Achillem,
290 747 348 792 uso
369 743 526 792 ausurum
551 747 624 792 eum
659 728 806 810 aggredi,
828 728 920 814 qaod
941 747 1001 813 per
1029 731 1166 798 msidias

88 835 183 892 extra
196 829 429 892 necessitatem
441 827 629 892 certaminis
641 827 781 892 feliciter
793 827 919 893 feeerit.
963 828 1086 911 Frigidi
1109 832 1169 894 ali·

86 927 164 1010 quid
179 933 213 992 et
227 927 331 1011 inepti
344 928 457 991 forsan
470 927 556 991 inest
569 926 604 990 in
617 925 680 990 hoc
696 944 806 1004 seusu,
821 927 880 992 sed
890 927 926 991 id
936 928 969 992 iu
985 932 1060 993 tota
1068 930 1169 994 etiam

84 1033 134 1092 est
152 1027 339 1092 laudatione
365 1027 510 1102 Paridis,
532 1045 630 1108 quam
653 1046 694 1090 eo
719 1027 853 1091 nomine
875 1028 995 1092 fecisse
1017 1028 1169 1094 dicuutur

85 1127 220 1211 Trojaui
236 1133 269 1191 et
282 1129 386 1192 multo
400 1127 506 1209 magis
521 1126 626 1206 friget,
640 1146 704 1191 uec
717 1127 869 1192 Latinum
894 1129 975 1193 satis
999 1135 1062 1205 est,
1079 1128 1170 1210 quod

85 1227 220 1292 volebat
239 1226 454 1310 Vindiugius,
476 1231 486 1263 ‘
497 1232 716 1314 quantumque
736 1229 771 1289 iu
793 1231 916 1291 certam
937 1227 1074 1292 auderet
1095 1229 1168 1310 qui-

86 1325 183 1390 dam!
226 1327 352 1390 rv.15.
375 1324 554 1390 ‘Ceterum
577 1325 643 1389 sibi
665 1345 707 1388 eo
734 1325 891 1390 leviorem
914 1326 1061 1392 dolorem
1083 1347 1167 1405 esse,

84 1423 173 1508 quod
187 1444 254 1488 nou
269 1427 303 1488 in
319 1425 509 1500 conamine,
531 1442 637 1506 neque
651 1425 687 1488 in
701 1424 777 1489 luoe
792 1425 884 1501 belli,
901 1424 1051 1490 Achilles
1067 1429 1169 1492 inter·

83 1526 190 1591 fectus
202 1532 307 1601 esset,
321 1545 388 1616 quo
409 1523 580 1590 fortiorem
594 1544 636 1590 ue
658 1533 795 1608 optasse
818 1527 952 1610 quidem
968 1547 1168 1611 quemqnam

84 1628 229 1691 existere
253 1645 352 1704 nuuc,
369 1625 423 1690 vel
444 1627 478 1688 in
498 1627 713 1710 praeteritum,
735 1634 880 1710 excepto
910 1646 978 1691 uno
999 1629 1058 1693 illo
1081 1629 1168 1692 Hor·

83 1725 179 1791 cute!
221 1725 402 1809 Vindingio
423 1726 690 1791 substituendum
711 1725 843 1790 videtur
863 1724 1092 1807 ‘graviorem'
1108 1727 1170 1788 sed

82 1846 273 1909 perperam.
316 1825 406 1889 Nam
436 1825 598 1889 sententia
624 1825 701 1900 loci,
728 1825 844 1908 inepte
869 1823 983 1887 forsan
1009 1824 1169 1904 gloriosa,

80 1928 160 1990 haee
180 1925 414 2000 est,'leuiorem
436 1925 502 1988 sibi
524 1943 599 1988 esse
614 1922 760 1988 dolorem
782 1925 873 1986 necis
896 1926 1056 2004 paternae,
1079 1923 1169 2004 quod

82 2043 151 2090 uon
181 2029 300 2104 aperto
329 2022 438 2085 Marte
466 2023 509 2086 ab
536 2021 728 2085 adversario
754 2015 913 2085 validiore
936 2017 982 2084 sit
1003 2025 1110 2086 dotus
1133 2031 1170 2088 et

84 2125 239 2189 occisus:
263 2123 319 2186 Ita
334 2122 422 2184 onim
431 2122 593 2186 mansisse
607 2140 683 2184 eum
696 2122 855 2186 invictum
870 2121 913 2186 ab
928 2123 1099 2187 omnibus:
1114 2122 1171 2188 Ita

83 2221 251 2299 constare,
261 2241 326 2285 non
342 2220 500 2284 extitisse
511 2237 700 2302 quenquam
713 2221 880 2284 fortiorem
895 2221 982 2303 ipso,
992 2222 1059 2284 nisi
1070 2239 1171 2292 uuum
1279 2228 1282 2236 “

82 2324 274 2398 Herculem,
289 2324 391 2386 immo
405 2321 567 2399 neminem
582 2339 698 2386 ausum
719 2321 825 2386 fuisse
849 2340 926 2385 oum
947 2340 987 2384 eo
1009 2321 1043 2384 in
1066 2327 1167 2386 certu-
1212 2332 1220 2349 ¹

1 2499 2 2504 ἵ
80 2441 159 2488 men
173 2421 337 2504 congredi.
381 2419 466 2497 Quae
483 2420 594 2484 omnia
609 2439 708 2486 secus
724 2440 761 2484 se
775 2421 984 2498 habuissent,
998 2422 1028 2485 si
1050 2422 1085 2485 iu
1100 2441 1169 2486 cer·

1 2515 2 2534 ¹
83 2523 209 2612 tamine
234 2527 267 2585 et
286 2521 360 2585 luco
380 2520 459 2584 belli
481 2521 672 2585 interfectus
697 2521 828 2597 fuisset,
841 2542 919 2584 nam
941 2522 991 2585 ita
1018 2521 1171 2587 validiori

83 2622 316 2688 succubuisset
328 2620 532 2684 adversario.

124 2738 162 2785 v.
173 2720 230 2782 11.
253 2717 388 2793 ‘Quem
410 2712 517 2776 offerri
531 2711 652 2775 donum
675 2713 845 2788 Minervae,
859 2713 1005 2774 maxime
1025 2717 1169 2782 omnium

83 2840 142 2885 ore
170 2813 382 2898 agitabatur!
426 2811 524 2891 Legit
545 2803 770 2887 ‘'maximum:
792 2815 826 2875 et
843 2811 894 2878 ita
914 2811 1088 2878 ediderunt
1101 2815 1169 2880 alii.

80 2917 152 2984 Sed
166 2915 251 2980 nihil
265 2931 306 2977 eo
320 2929 415 2994 opus,
429 2908 528 2974 modo
541 2905 737 2990 distinguas,
753 2916 793 2972 ut
805 2908 883 2987 feci,
898 2909 1035 2994 quaudo
1050 2932 1169 2978 sensus

84 3013 361 3102 estperspiuuus.
720 2999 723 3005 ’

127 3135 177 3182 νι.
192 3117 224 3180 l.
246 3113 458 3198 ‘Postquam
479 3112 658 3194 impositis,
669 3132 743 3195 quae
766 3112 884 3192 singuli
903 3113 992 3176 bello
1005 3115 1169 3194 qdaesive·

85 3224 167 3296 raut,
178 3215 355 3281 ascendere
369 3211 462 3295 ipsi!
506 3210 598 3288 Quid
618 3211 726 3292 magis
744 3211 891 3294 planum,
905 3209 1015 3276 minus
1030 3212 1170 3295 impedi-

1 3375 2 3400 ,
86 3325 154 3382 turn
168 3317 240 3381 dari
252 3313 386 3398 potesti
400 3309 511 3396 ‘Ipsi’
525 3310 675 3380 homiues
688 3318 898 3394 opponuntur
909 3311 1008 3376 rebus
1017 3312 1050 3376 in
1064 3331 1167 3380 nares

1 3409 2 3464 ἶ
87 3413 293 3500 ‘impositis’
336 3413 381 3478 Et
400 3419 507 3478 tamen
522 3409 612 3495 quod
625 3411 764 3490 mireris,
780 3410 949 3478 delendum
973 3413 1079 3496 ‘ipsi'
1092 3434 1168 3498 pro·

85 3518 221 3582 nuntiat.

154 4232 240 4298 Delplr.
251 4239 275 4284 et
290 4235 349 4284 Ver.
360 4233 425 4282 Clot.
555 4228 627 4281 Dt'ot.
641 4227 706 4278 Cret.
