3052 4900
413 291 461 338 nn
485 291 611 340 sxcrn.
633 292 759 342 recum
782 295 928 372 ursron.
1147 283 1211 348 311

126 463 215 524 gum,
239 444 432 528 sapientem,
459 446 569 508 animo
593 463 758 526 magnum,
783 446 951 512 blandum.
1002 452 1211 518 Podaliriom

125 561 289 616 crassum,
306 545 481 621 valentem,
497 547 689 628 superbum,
704 546 841 608 tristem.
886 548 1102 615 Machaonem
1117 571 1211 636 mag·

125 661 219 721 num,
234 645 363 723 fortem,
379 654 514 724 certum,
530 648 731 729 prudentem,
747 648 940 728 patientem,
953 650 1210 718 misericordem.

127 744 313 809 Marionem
332 745 450 826 rutum,
464 749 622 812 mediocri
638 754 778 824 statura,
799 765 937 828 corpore
958 750 1106 822 rotundo,
1126 754 1211 816 virc-

125 865 211 922 sum,
227 848 440 927 pertinacem,
453 847 632 923 crudelem,
644 848 880 930 impatientem.
923 845 1133 910 Briseidamt
1148 848 1212 913 for·

126 965 263 1019 mosam,
286 947 355 1012 alta
372 955 510 1026 statura,
527 948 716 1025 candidam,
739 950 862 1030 capillo
880 948 968 1012 flavo
984 955 1018 1012 et
1032 943 1137 1023 molli,
1157 967 1211 1012 sn·

128 1048 275 1129 porciliis
286 1050 423 1131 junctis,
436 1052 546 1114 oculis
560 1054 723 1126 venustis,
738 1068 880 1132 corpore
895 1049 1030 1131 aequali,
1042 1048 1211 1125 blandam,

126 1146 304 1224 affabilem,
316 1151 546 1226 verecundam,
558 1153 669 1214 animo
680 1151 836 1231 simplici,
848 1150 949 1230 piam.
984 1148 1067 1231 [ld]
1082 1148 1214 1213 Deinde

126 1249 235 1310 amati
251 1267 326 1310 cnm
337 1245 469 1310 classel
483 1249 596 1312 Graeci
611 1247 759 1312 Athenas
773 1256 1001 1312 convenerunt.
1036 1247 1214 1329 Agamem·

126 1363 194 1408 non
218 1364 259 1407 ex
287 1345 442 1427 Mycenis
464 1348 604 1412 naribus
628 1367 760 1412 numero
784 1353 928 1412 centum.
972 1346 1145 1410 Menelaus
1168 1365 1214 1410 ex

127 1446 252 1527 Sparta
270 1451 409 1512 narinus
430 1469 564 1514 numero
587 1453 770 1532 sexaginta.
815 1448 1009 1513 Arcesilaus
1025 1453 1058 1512 et
1074 1445 1214 1512 Prothe-

124 1545 205 1610 nori
233 1567 278 1612 ex
301 1550 435 1614 Boeotia
460 1551 709 1633 quinquaginta.
754 1547 968 1632 Ascalaphus
990 1555 1024 1613 et
1045 1547 1213 1614 Ialmenus

125 1667 170 1711 ex
192 1649 400 1714 Orchomeno
420 1651 564 1714 navibus
584 1668 721 1713 numero
744 1651 888 1730 triginta.
933 1647 1158 1732 Epistrophus
1180 1657 1214 1714 et

125 1749 287 1813 Schedius
302 1769 346 1814 ex
361 1748 507 1814 Phocide
527 1751 753 1832 quadraginta.
798 1749 891 1830 Ajax
905 1749 1144 1813 Telamonius*
1170 1769 1213 1814 ex

127 1848 297 1912 Salamina
312 1850 454 1914 adduxit
466 1869 578 1914 secum
591 1851 758 1914 Teucrum
781 1849 930 1912 fratrem:
953 1848 1060 1925 Elide,
1074 1849 1214 1932 Amphi-

126 1949 293 2026 machum,
310 1951 460 2028 Diorem,
474 1951 665 2033 Thalpium,
682 1950 900 2034 Polyxenum,
913 1949 1057 2013 navibus
1073 1949 1215 2032 quadra-

54 2097 61 2110 .
124 2050 225 2131 ginta.
271 2049 396 2115 Nestor
410 2072 454 2116 cx
469 2052 556 2135 Pylo
570 2053 711 2115 navibus
729 2047 864 2114 cxxx.l
895 2051 1010 2114 Thoas
1026 2069 1069 2112 err
1085 2050 1213 2114 AEtolia

126 2151 270 2213 navibus
291 2167 355 2213 xi..
406 2149 498 2233 Ajax
520 2152 637 2214 Oileus
659 2169 702 2214 ex
726 2151 841 2214 Locris
867 2141 1213 2214 navihns'xxxvrr.¹¹
1313 2149 1315 2154 ’

126 2247 307 2331 Antiphus,
348 2251 539 2336 Phidippus
568 2254 688 2318 xxxl
748 2251 949 2315 Idomeneus
979 2259 1016 2315 et
1043 2249 1213 2314 Meriones

123 2367 170 2413 ex
191 2349 287 2414 Creta
305 2352 446 2416 navibus
461 2369 588 2416 cxxx.
634 2351 773 2435 Ulysses
788 2371 831 2415 ex
853 2353 974 2418 Ithaca
995 2354 1136 2417 navibus
1154 2369 1214 2416 nu-

125 2471 219 2516 mero
237 2469 309 2518 xrr.
355 2454 515 2520 Eumelus
540 2475 584 2519 ex
608 2455 728 2520 Pheris
750 2457 890 2520 navibus
907 2463 963 2518 κδ’
1009 2455 1214 2520 Protesilaus

126 2559 157 2615 et
176 2553 347 2618 Podarces
365 2572 409 2618 ex
428 2556 580 2636 Phylace
600 2557 743 2620 navibus
765 2572 830 2632 un.
873 2547 1077 2618 'Podalirius
1092 2561 1125 2615 et
1140 2553 1216 2616 Ma-

127 2653 235 2716 chaon
252 2653 439 2733 AEsculapii
458 2653 520 2714 filii
540 2673 583 2716 ex
602 2653 704 2715 Trica
717 2655 856 2714 navibus
874 2657 1020 2712 xxx11.⁰
1063 2647 1215 2712 Achilles

127 2773 204 2816 cum
241 2750 402 2814 Patroclo
430 2759 465 2812 et
495 2749 761 2836 Myrmidonibus
791 2769 833 2811 ex
863 2747 986 2812 Phthia
1012 2747 1156 2809 navibus
1183 2764 1216 2810 1..

129 2851 346 2933 Tlepolemus
359 2870 402 2912 cx
419 2850 542 2914 Rhodo
557 2847 696 2914 navibus
713 2857 784 2914 rx.¹³
828 2848 1017 2932 Eurypylus
1031 2868 1075 2914 cx
1090 2847 1215 2914 Orcho·

161 3071 172 3121 r
191 3063 287 3112 Eadem
299 3029 480 3113 terminatione
493 3064 573 3112 utitur
584 3071 612 3111 et
624 3063 723 3128 Hygia.
734 3063 845 3125 Mytlrol.
856 3061 909 3110 lab.
921 3073 977 3110 cvr.
995 3061 1026 3109 ed
1039 3073 1114 3126 qrrem
1131 3059 1215 3111 locum

126 3130 181 3179 haec
192 3128 249 3191 iper
262 3126 339 3176 rerba
350 3127 456 3176 Daretis
467 3128 532 3177 citat
543 3127 725 3192 Munclrer.··-ll
742 3127 835 3190 Delph.
846 3126 945 3174 accidas
957 3125 1050 3174 XXX.

618 3252 723 3304 NOTAE

145 3335 170 3396 ,¹¹
185 3334 419 3398 Oraottcumcioue]
429 3334 652 3398 Sicsupra,‘cnrn
693 3341 751 3384 tuor
761 3331 853 3397 reliqui
863 3331 942 3382 duces
958 3344 1043 3383 secum
1060 3343 1139 3380 naver
1156 3343 1218 3394 qut·

127 3412 282 3462 exercitibus
293 3420 320 3460 et
332 3411 455 3460 classibus
467 3409 567 3460 ornati?
585 3409 652 3460 Vide
693 3409 820 3472 draginta.

128 3489 272 3536 lbinotata.
723 3484 730 3520 ¹
759 3485 866 3536 Naribus
888 3480 1013 3545 LXXX]
1042 3481 1168 3531 Humanis
1190 3487 1218 3532 ct
1244 3537 1247 3545 ,

162 3561 169 3594 ¹
182 3560 317 3610 Arcadiam
326 3565 351 3610 ct
361 3559 507 3622 Protheaor]
527 3561 590 3610 Cum
603 3560 652 3610 Pe·
693 3568 787 3631 Dictys
799 3564 947 3628 nonaginta.

128 3636 307 3690 nelcahcitc,
327 3637 466 3686 etClonio.
497 3637 668 3688 Italicum·
725 3651 742 3676 Ν
761 3634 1219 3700 NucilurXXXVll.]llcmeruaet

129 3728 184 3773 rur,
196 3719 223 3760 et
234 3725 267 3760 ex
278 3725 310 3758 eo
323 3711 425 3771 Dictys.
694 3716 787 3777 Dictys
798 3713 978 3777 qrradragmta.

160 3786 254 3850 kAjax
267 3783 424 3846 Telamonius]
451 3783 508 3831 Non
525 3784 598 3834 video
609 3799 654 3835 cur
725 3789 862 3838 nNocilua
874 3787 922 3847 Χ.]
943 3784 1058 3834 Naribus
1071 3795 1110 3832 xr.
1123 3783 1217 3836 Homo·

128 3867 171 3914 hic
193 3865 264 3913 dicat
292 3862 409 3925 Ajacem,
431 3857 653 3921 Amphimachum,
693 3879 737 3912 rus
748 3871 774 3911 et
785 3863 884 3924 Dictys.

128 3941 248 3998 Dionem,
276 3935 411 3998 Thalpiunr
442 3939 469 3980 et
494 3931 653 3994 Polyxenam
726 3931 1010 3994 ⁰NoeilmrXXX11.]
1037 3934 1218 3998 Trigintctan·

129 4025 215 4062 secum
233 4011 333 4060 duxisse
350 4025 407 4058 curn
425 4007 531 4056 nasibus
547 4009 655 4071 qrmdra·
696 4021 750 4064 tum
765 4019 862 4074 ponunt
873 4011 979 4060 Homer.
991 4018 1018 4058 et
1030 4011 1133 4075 Dictys.

131 4090 213 4152 ginta.
245 4086 283 4134 Ex
296 4085 410 4132 Homero
427 4083 493 4132 enim
506 4081 571 4145 Ajax
583 4083 655 4136 Tela·
728 4097 740 4130 n
757 4087 942 4150 NociluolX.]
964 4087 1016 4138 Alit
1032 4092 1091 4138 coto.
1112 4088 1217 4140 Homer.

131 4165 231 4216 rucnius
239 4175 315 4211 naver
325 4159 398 4208 duxit
406 4159 550 4222 duodecim,
559 4168 586 4209 at
595 4175 655 4226 qna·
697 4173 724 4216 et
735 4167 839 4232 Dictys.
1067 4158 1068 4161 ’
