3036 4918
311 341 354 405 16
748 353 954 402 ranarum.

313 497 504 561 Pboeniceis
533 495 661 558 litoris:
693 514 767 577 quae
789 495 858 578 jnur
884 515 1034 560 reversus
1062 495 1173 560 senior
1192 496 1226 558 in
1250 493 1394 572 Cretam,

311 599 469 682 praecepit
496 597 636 660 moriens
665 601 702 659 ut
731 615 842 660 secum
871 595 1098 677 sepelirentur.
1141 594 1260 676 ltaque
1282 605 1320 659 nt
1341 597 1394 660 ille

308 699 468 781 jusserat,
482 701 681 761 memoratas
695 696 797 772 tilius,
807 697 840 758 in
851 703 988 760 stannea
1002 695 1116 760 arcula
1130 696 1306 775 repositas,
1321 696 1394 780 ejus

311 800 437 863 tumulo
451 797 675 862 condiderunt.
720 795 842 860 Verum
858 797 982 861 secutis
1005 795 1221 878 temporibus,
1243 795 1395 860 tertiode-

311 899 399 962 cimo
423 917 510 962 enno
528 897 559 960 N
563 897 675 961 eronis
695 894 837 978 imperii,
850 897 884 957 in
898 893 1019 960 Gnoso
1034 895 1169 958 civitate
1188 900 1395 959 terremotus
1438 969 1440 976 Α
1511 935 1512 950 .

312 999 404 1074 lacti,
418 1017 491 1062 curn
507 997 621 1072 multa,
636 1003 708 1058 tum
728 996 827 1060 etiam
847 997 1032 1076 sepulcrum
1053 995 1175 1077 Dictys
1198 994 1247 1058 ita
1271 995 1397 1078 putesc-

311 1104 435 1174 cernnt‚
450 1103 486 1161 nt
511 1117 532 1160 a
551 1095 794 1159 transcuntibus
809 1096 922 1160 orcula
942 1095 1116 1158 viseretur.
1160 1093 1320 1158 Pastores
1336 1097 1397 1161 itu·

311 1217 376 1280 que
402 1203 643 1279 praetereuntes
663 1213 738 1257 cum
752 1193 839 1258 banc
864 1193 1038 1270 vidissent,
1052 1194 1241 1257 thesaurum
1255 1195 1333 1272 rati,
1349 1216 1397 1260 se-

312 1299 429 1380 pulcro
450 1296 674 1360 abstulerunt:
698 1302 869 1387 etuaperta
892 1315 934 1358 en
957 1297 1151 1358 invenerunt
1170 1294 1259 1358 tilius
1284 1297 1398 1378 incog-

312 1397 393 1460 nitis
408 1396 474 1458 sibi
489 1395 596 1457 literis
612 1393 844 1477 conscriptas:
867 1395 1094 1476 continuoque
1119 1393 1162 1456 ad
1185 1413 1279 1458 snum
1294 1395 1398 1482 dorni·

312 1515 386 1558 num
397 1494 625 1576 Enpruxidem
640 1493 804 1576 quendum
821 1495 951 1556 nomine
963 1493 1188 1576 pertulerunt:
1203 1495 1260 1575 qui
1268 1496 1399 1578 agnitus

312 1613 462 1676 quaenem
496 1599 607 1658 essent
637 1593 748 1658 literas
779 1591 910 1656 Rutilio
934 1590 1024 1655 Ruso
1048 1593 1139 1656 illins
1167 1593 1284 1660 insulae
1318 1603 1398 1662 tunc

313 1693 508 1758 Consulariss
532 1694 662 1757 obtulit.
707 1692 768 1756 llle
787 1711 861 1756 curu
884 1691 1078 1775 Euprnxide
1097 1693 1140 1756 nd
1158 1692 1322 1758 Neronem
1339 1697 1398 1760 ob-

286 1795 379 1868 ,lute
402 1795 469 1859 sibi
495 1794 684 1870 transmisit,
699 1793 898 1856 existimaus
923 1791 958 1855 in
980 1792 1032 1855 bis
1054 1791 1205 1874 quaedum
1221 1795 1399 1860 secretiore

313 1895 488 1960 contineri.
533 1894 622 1959 Haec
647 1900 757 1958 eutem
786 1913 863 1958 cum
886 1893 982 1958 Nero
1008 1892 1209 1976 accepisset,
1238 1895 1398 1960 advertis·

313 2001 432 2076 setque
448 1995 592 2070 Punicas
608 2015 684 2059 esse
698 1997 822 2072 literas,
836 1996 951 2060 berum
975 1995 1105 2079 peritos
1122 1993 1166 2058 ad
1190 2015 1228 2059 se
1249 1997 1399 2062 vocavit:

312 2095 460 2178 quicum
473 2095 652 2172 venissent,
660 2097 866 2179 interpretati
882 2102 956 2162 snut
970 2095 1095 2159 omniu.
1139 2094 1291 2177 Cumque
1307 2096 1399 2161 Nero

310 2195 535 2276 cognovisset,
551 2195 681 2278 antiqui
698 2197 772 2269 riri,
787 2197 847 2276 qui
871 2194 961 2276 apud
987 2194 1086 2256 Ilium
1102 2193 1221 2268 luerat,
1236 2193 1310 2260 baec
1324 2217 1399 2260 esse

312 2299 533 2368 monumenta,
542 2293 645 2372 jussit
670 2293 704 2354 in
719 2291 877 2356 Graecnm
902 2310 1089 2355 sermonem
1111 2292 1176 2355 ista
1190 2294 1401 2361 transferri·:¹¹

311 2478 419 2548 eundern
438 2495 570 2530 numerum
590 2496 716 2539 servasse,
733 2488 760 2531 et
775 2483 836 2532 resi·
875 2488 1013 2546 peretore;
1030 2483 1079 2533 boc
1090 2489 1200 2542 certum,
1214 2484 1402 2546 plnresnrag'rs-

311 2553 361 2603 dua
373 2564 482 2619 quatuor
493 2557 526 2605 de
540 2557 623 2606 reditu
640 2559 790 2608 Graecornm
809 2559 835 2608 in
877 2565 959 2608 tratns
978 2558 1026 2608 boc
1044 2558 1144 2606 nomine
1157 2555 1293 2620 praefectos
1308 2559 1402 2606 aCou-

310 2644 387 2680 unum
398 2632 536 2696 redegisse.
569 2633 623 2684 Ubi
636 2635 692 2683 vide
702 2650 758 2699 quae
766 2635 837 2685 dicte
876 2635 990 2683 stantino
1001 2634 1088 2697 parvis
1099 2641 1126 2682 et
1138 2634 1236 2695 pacatis
1248 2632 1403 2694 provinciia;

310 2712 378 2756 sunt·
877 2710 902 2758 in
922 2709 953 2759 iis
973 2709 1060 2759 Creta.
1097 2707 1198 2757 Notitia
1209 2707 1320 2768 imperii.
1336 2709 1403 2756 Mer-

341 2779 396 2830 ‘ln
413 2783 480 2830 tilios
498 2784 609 2844 digessit]
628 2785 735 2846 Antiqui
752 2799 784 2832 ex
796 2797 836 2832 sr-
877 2802 923 2834 rer.
956 2785 1048 2850 Neque
1071 2797 1157 2833 reruru
1179 2789 1221 2834 est
1238 2781 1270 2831 sb
1288 2781 1402 2831 Adriano

309 2854 425 2914 boribus,
436 2858 579 2916 praesertim
592 2871 606 2902 e
618 2858 674 2904 tilie
685 2858 787 2915 arbore,
799 2865 836 2904 ts·
877 2865 976 2906 tantum
998 2865 1024 2907 et
1044 2871 1058 2904 a
1077 2857 1247 2906 Constantino
1268 2857 1401 2908 instituros

309 2927 391 2975 belles
411 2927 592 2986 conficiebant,
612 2928 703 2992 quibus
723 2942 783 2977 cerr
794 2944 835 2976 sn·
852 2986 855 2991 ¹
873 2931 951 2980 fuisse
962 2934 1119 2990 consulares,
1130 2931 1173 2994 qul
1184 2944 1215 2978 eo
1226 2932 1327 2980 nornine
1344 2949 1401 2996 pro·

310 2999 470 3063 perluductis
479 3003 515 3049 ita
523 3006 590 3065 stylo
598 3003 834 3052 acutoscribebaut.
874 3005 970 3054 vincias
988 3010 1117 3068 regerent,
1134 3003 1231 3067 qnippe
1243 3003 1299 3054 liaeo
1310 3007 1401 3056 divisio

311 3075 346 3123 Et
358 3077 424 3138 quod
435 3077 481 3125 bie
490 3077 556 3126 tilins
566 3086 642 3128 vocat
653 3083 752 3140 unctor,
768 3075 836 3126 intro
873 3080 1073 3144 provinciarum,
1084 3080 1110 3127 in
1123 3079 1276 3128 Consulares
1293 3090 1319 3129 et
1339 3083 1401 3134 Pro·

309 3148 449 3212 Septimius
462 3151 590 3201 Romanus
601 3154 627 3202 in
642 3153 750 3216 epistole
763 3159 837 3200 vocnt
874 3156 1030 3214 consulares,
1050 3161 1110 3203 ante
1133 3153 1330 3206 Constantinum
1352 3158 1402 3206 tuit

310 3223 433 3285 phylires,
444 3225 503 3287 quin
516 3227 570 3274 tilie
584 3227 608 3274 in
618 3227 837 3288 tenuissimuspbi·
874 3227 969 3288 in'usu,
980 3235 1007 3276 et
1019 3228 1051 3276 ab
1069 3227 1126 3290 ipso
1143 3227 1259 3292 Augusto
1276 3230 1402 3292 instituta,

308 3298 378 3358 lyras
398 3311 445 3345 acu
464 3301 639 3360 separabatur,
654 3307 683 3349 nt
695 3301 727 3349 de
739 3315 836 3364 papyro
875 3304 919 3368 qni
935 3302 1117 3365 improvinciae
1129 3318 1188 3351 snas
1201 3318 1264 3366 qum
1279 3305 1334 3367 ipse
1351 3307 1400 3355 sibi

310 3369 403 3418 scribit
425 3369 494 3419 Plio.
525 3373 731 3437 ‘Properantur
752 3391 783 3425 ex
805 3391 836 3426 eo
876 3377 1005 3426 retinebat
1027 3379 1174 3426 consulares
1203 3380 1331 3436 mittebat,
1359 3384 1400 3444 qui
1496 3405 1500 3414 ·

310 3444 404 3493 clrsrtae
416 3443 496 3494 diviso
507 3447 531 3494 in
544 3456 688 3510 praetenues
698 3451 742 3498 sed
759 3465 835 3514 quam
876 3453 979 3515 proprie
990 3451 1069 3513 legati
1083 3454 1228 3502 consulares
1242 3454 1401 3508 dicebantur.

309 3519 588 3584 letissimaspbilyres!
621 3523 686 3571 lude
704 3525 730 3573 in
748 3525 834 3574 Closs.
877 3519 1400 3596 Nequetaruenconsularesillidictiquod

308 3595 501 3659 ‘tilie,oiltvpa.’
521 3597 555 3646 Et
563 3605 634 3646 retus
642 3597 745 3647 Horatii
756 3601 834 3648 inter·
875 3604 991 3652 eonsules
1003 3600 1122 3662 fuissent,
1131 3610 1158 3651 ut
1167 3605 1243 3666 vulgo
1252 3620 1400 3666 persuasum

311 3686 379 3734 pres,
399 3671 515 3735 ‘philyra
526 3679 565 3722 est
578 3681 668 3722 cortex
682 3675 743 3723 tiliae
758 3675 835 3724 arbo·
874 3685 935 3737 est3
954 3692 1011 3726 nam
1031 3692 1101 3740 saepe
1121 3678 1235 3728 invenias
1256 3683 1401 3732 consulares

307 3747 361 3796 ris.'
874 3751 1062 3815 provinciarum
1075 3753 1117 3816 qui
1137 3760 1195 3814 post
1210 3755 1401 3806 administratas

341 3822 459 3872 &Rutulis
470 3823 835 3882 Rufoilliurineuloetuanon·
874 3826 1020 3890 provincias
1033 3833 1084 3876 tum
1097 3827 1202 3889 primunr
1220 3829 1342 3881 Consules
1355 3832 1400 3882 tie·

309 3897 448 3960 rulurr]ita
465 3899 523 3948 libri
540 3901 643 3963 scripti,
659 3916 709 3950 noo
728 3903 834 3964 proerr'di,
875 3902 945 3952 bant.
976 3901 1028 3952 Sed
1054 3903 1120 3966 quod
1144 3919 1201 3954 cum
1225 3906 1400 3956 consuleribus

310 3972 376 4032 quod
399 3974 512 4036 imperiti
535 3983 696 4026 correctores
714 3979 834 4040 arrigere·
874 3977 1400 4041 ornamentislnrperinmadministrarent.

309 4051 374 4094 rant.
391 4047 542 4097 Consulares
554 4051 640 4100 volunt
650 4051 676 4100 iu
685 4051 834 4116 quibusdam
875 4051 943 4101 Vide
954 4067 1010 4117 qnae
1021 4053 1122 4120 noterit
1136 4051 1242 4101 Salmas.
1259 4054 1285 4102 iu
1300 4053 1399 4104 Hister.

310 4119 448 4181 provinciis
459 4121 591 4172 institutus
609 4126 640 4174 rb
656 4125 769 4175 Adriano
786 4125 836 4174 lm·
876 4127 985 4191 August.
