3036 4918
504 331 626 388 sonna
651 339 799 388 TROlOA.

468 571 532 637 lv.
577 571 833 640 ΜΔΟΗΑΟΝ.

501 721 618 786 Liar.
641 719 732 786 Gar.
749 721 804 787 14.

14 835 22 854 '⁴
142 864 356 931 ‘Podalirius
371 873 405 930 et
419 866 601 946 Machaon,
615 869 821 945 'l'riccenaea
830 868 1030 950 AEsculapio
1045 867 1158 950 genili,

208 967 308 1030 acciti
323 966 366 1029 ad
381 968 416 1030 id
432 967 565 1046 bellum,
581 970 624 1032 ob
639 968 811 1034 solertiam
828 968 973 1034 Medicae
990 967 1094 1034 artis!

148 1095 355 1176 Machaon,
370 1099 558 1181 AEsculapii
579 1101 668 1164 iilius
691 1099 855 1182 fraterque
869 1101 1053 1178 Podalirii;
1073 1089 1110 1162 in
1126 1103 1194 1172 arie

103 1197 235 1262 medica
248 1199 335 1262 adeo
358 1200 478 1275 clarus,
492 1207 530 1264 nt
551 1199 623 1283 ejus
637 1219 759 1264 nomen
783 1195 900 1264 Politen
924 1200 1121 1283 simpliciter
1135 1219 1194 1282 po·

103 1293 185 1361 nant
198 1317 261 1380 pro
275 1298 422 1365 medico.
467 1299 524 1362 Sic
538 1300 657 1364 etenim
673 1299 817 1364 Martini.
831 1316 872 1362 ιι.
886 1301 939 1365 16.
955 1302 987 1364 5.

191 1395 283 1474 Quid
297 1400 358 1463 tibi
373 1420 451 1465 cnm
465 1401 619 1465 medico‘l
641 1399 769 1465 dimitte
781 1399 988 1466 Machaonas
1002 1420 1127 1466 omnes.

145 1497 228 1562 Non
242 1501 350 1564 solum
372 1521 446 1565 cum
468 1502 605 1585 reliquis
619 1501 764 1567 Graeciae
784 1502 1000 1586 'principibns
1014 1501 1193 1586 'I'rojanam

101 1607 255 1688 suscepit
269 1609 534 1691 expeditionem
549 1631 665 1676 verum
680 1611 843 1694 Virgilius
857 1630 933 1675 enm
947 1616 1096 1674 numerat
1109 1613 1194 1676 inter
1229 1631 1232 1638 ·
1301 1659 1309 1668 .

101 1723 176 1783 eoo,
193 1709 251 1789 qni
266 1728 354 1792 equo
369 1711 483 1776 votivo
497 1712 629 1789 inclusi,
644 1711 756 1794 Trojae
770 1718 885 1794 portas
901 1712 972 1774 suis
986 1723 1193 1774 reseramnt:

101 1819 237 1887 nempe,
253 1823 294 1871 ιι.
310 1809 386 1871 AEn.
402 1811 479 1875 263.

405 1925 489 1989 Illos
509 1926 701 2007 patefactus
715 1926 759 2016 ad
773 1943 875 1988 auras

190 2019 320 2087 Reddit
333 2041 448 2105 equus,
462 2026 600 2108 laetique
616 2043 701 2089 cavo
716 2044 752 2088 se
762 2027 883 2089 robore
897 2030 1052 2108 promunt

191 2120 388 2200 Tisandrus,
403 2119 642 2208 Sthenelusque
656 2125 759 2189 doces
772 2132 806 2189 el
820 2126 909 2190 dirns
924 2125 1084 2205 Ulyssem·

192 2223 383 2288 Demissum
398 2225 488 2306 lapsi
502 2245 563 2307 per
577 2225 705 2288 funem:
727 2223 970 2308 Athamasqne,
984 2222 1172 2308 Thoasque,

191 2320 391 2406 Pelidesque
407 2324 667 2406 Neoptolemus
681 2325 873 2408 primusque
886 2321 1066 2388 Machaon.

147 2449 296 2516 Tandem
327 2454 461 2518 occisus
492 2463 544 2518 est
573 2457 617 2520 ab
647 2454 832 2536 Eurypylo,
854 2453 1000 2536 Telephi
1020 2452 1101 2517 filio.
1145 2452 1190 2531 Q.

102 2552 296 2634 Smymoens
310 2555 386 2638 (qui
401 2554 544 2616 Calaber
565 2555 678 2630 vulgo.
692 2553 769 2614 vide
782 2551 1069 2625 Vossinmffloiit.
1080 2553 1193 2614 Graec.

102 2650 153 2730 9.)
183 2657 284 2714 sexto
313 2651 426 2730 operis
453 2649 551 2710 libro.
595 2648 755 2727 Sepultus
785 2653 895 2709 autern
925 2648 1090 2722 Gereniae,
1118 2667 1194 2729 quae
1314 2641 1319 2662 '

108 2749 271 2814 Laconiae
294 2748 469 2829 oppidum,
484 2746 527 2810 ad
549 2745 647 2828 cnjus
675 2745 851 2822 tumulum,
864 2747 897 2809 in
918 2745 1092 2827 magnifico
1115 2753 1196 2810 tem·

104 2850 178 2932 plo,
193 2849 356 2910 variomm
377 2848 563 2911 morborum
584 2852 769 2928 poscuntur
790 2845 948 2910 remedia.
992 2845 1061 2909 Ubi
1075 2854 1109 2911 et
1121 2846 1193 2928 ejus

105 2949 318 3012 simulacrum
332 2965 376 3012 ex
391 2967 469 3026 aere,
483 2954 689 3013 coronatum.
733 2947 881 3012 Pausan.
897 2947 933 3010 in
948 2945 1097 3012 Messon.
1108 2947 1161 3012 26.

444 3175 488 3242 V.
523 3173 655 3239 AJAx
677 3172 862 3238 OlhEUS.

499 3309 621 3374 Liar.
644 3305 734 3372 Gan.
747 3308 802 3372 14.

404 3445 415 3474 ‘
431 3439 523 3526 Ajex
540 3439 642 3517 Oilei,
667 3458 713 3504 ex
727 3437 895 3504 Locride?

148 3573 269 3653 Aiax,
297 3572 385 3639 Oilei
414 3573 515 3650 filius,
543 3572 626 3637 inter
653 3572 851 3637 Graecorum
879 3567 985 3634 duces
1005 3567 1190 3649 praesertim

109 3682 220 3752 notus,
233 3681 380 3759 propter
405 3671 643 3748 Cassandram,
669 3672 830 3752 virginem
859 3673 891 3732 et
915 3675 1040 3743 vatem,
1068 3666 1192 3729 Priami

106 3776 221 3854 filiam,
237 3777 271 3838 in
293 3776 368 3841 aede
382 3771 545 3838 Minervae
567 3774 610 3836 ab
633 3791 673 3836 eo
689 3786 928 3852 compressam.
949 3765 1044 3846 Virg.
1061 3781 1100 3827 ιι.
1114 3765 1192 3828 AEn.

107 3879 180 3943 403.
204 3877 249 3956 Q.
263 3877 466 3960 Smyrnaeus,
483 3886 569 3934 xnr.
582 3870 849 3954 Tryphiodorns,
861 3869 923 3929 irc.

148 3979 259 4058 Quam
275 3978 321 4042 oh
335 3983 485 4050 causam,
500 3989 576 4036 cnm
592 3971 710 4034 ceteris
725 3966 858 4032 Graecis
871 3963 1006 4030 domum
1026 3971 1192 4046 repetens,

109 4078 227 4160 inipso
241 4077 327 4144 mari
340 4073 476 4138 fulmine
490 4083 665 4155 percussus
680 4071 732 4134 esi
754 4066 926 4131 Minervae.
971 4063 1072 4128 Hom.
1088 4063 1152 4132 od.
1168 4067 1193 4127 l.
