3036 4918
324 291 368 360 dd
580 299 879 373 ruapnmnourr
905 297 1153 354 niceten-curo

325 453 462 520 eliorum
477 457 667 530 anctorum,
681 460 716 518 et
729 451 784 518 hir
808 451 895 537 ipeir
913 449 1066 518 Scllnrtii
1089 449 1188 528 looir,
1204 449 1321 516 ‘eoru'
1335 449 1410 520 oiim

323 553 412 620 mule
424 551 535 620 ineunt
547 553 686 636 editum,
699 562 737 621 at
749 572 795 621 ex
818 553 923 620 Metir
943 551 1057 620 ‘iore'
1078 551 1281 636 rectitntum.
1325 549 1411 620 Vide

323 663 359 722 et
374 653 582 724 Gronorinm
596 656 730 724 Patrem
745 655 788 722 ed
802 655 938 722 livium
953 671 979 720 ι.
994 655 1028 722 9.

366 773 409 822 ιι.
423 756 479 824 47.
501 754 658 840 ‘Troiam
671 774 715 822 ex
730 755 833 822 muris
845 754 1095 842 mpemmoa’
1120 751 1296 832 Mirounni
1307 756 1413 840 scrip

322 854 697 943 rerit‘derpecrrnter:
717 855 888 942 tricaeque
909 875 953 924 ac
968 873 1024 922 ιιι.
1038 855 1093 924 ro.
1114 854 1207 935 ‘Qui
1228 857 1332 922 mnrie
1354 857 1412 924 de-

319 963 523 1044 npectnntu,
540 961 718 1042 postquam
739 965 880 1026 nostroe
894 963 1032 1042 parator
1046 955 1171 1042 proelio
1185 955 1323 1022 rident?
1366 957 1413 1022 Et

320 1078 353 1128 c.
367 1059 421 1126 2⁰.
443 1057 552 1126 ‘Gom
571 1077 676 1143 cuper
692 1077 824 1126 murum
845 1059 1080 1145 despectantes
1104 1057 1254 1143 liniam,
1273 1059 1413 1126 comitu-

321 1169 391 1226 tum
405 1161 494 1245 regie
508 1160 617 1226 oculu
630 1162 925 1248 proneqnereutnr.'
968 1161 1022 1230 lta
1035 1180 1114 1229 vero
1128 1169 1164 1228 et
1177 1161 1253 1228 liv.
1270 1175 1411 1227 xxxvi.

317 1259 375 1328 Sd.
396 1259 602 1346 ‘Regionem
622 1281 664 1330 ea
685 1265 832 1330 maxime
851 1263 1028 1348 despectet
1041 1261 1218 1348 oppidum,
1232 1280 1300 1346 que
1314 1261 1412 1328 breve

318 1361 527 1430 intervalium
542 1365 685 1442 videtur,
702 1374 737 1432 et
758 1367 876 1434 omniu
889 1369 924 1432 in
938 1371 1124 1452 conspecto
1139 1361 1241 1432 runt!

364 1478 422 1526 ιιι.
444 1463 475 1528 l.
497 1463 566 1528 ‘At
588 1463 728 1550 Trojnni
753 1487 831 1534 cum
858 1468 1082 1534 auxiliaribus
1107 1467 1254 1534 laxiores
1282 1465 1413 1543 militia»

317 1579 427 1646 neque
449 1563 540 1631 circe
556 1567 753 1634 exercitium
769 1569 902 1645 soliciti,
911 1569 1090 1636 socordius
1103 1567 1252 1652 agitare!
1275 1566 1412 1634 Certum

317 1662 401 1728 mihi
429 1672 485 1731 ent
504 1667 680 1751 ecripciaee
702 1669 916 1756 Septimium,
939 1671 1092 1738 ‘laxiore
1106 1667 1247 1736 militia?
1289 1668 1414 1734 Solent

316 1765 406 1834 enirn
430 1767 479 1834 ita
493 1765 653 1848 Veteres,
667 1775 702 1838 et
720 1771 869 1839 maxime
894 1771 1075 1840 Sallustius
1097 1778 1132 1838 et
1155 1770 1306 1836 Tacitus.
1327 1768 1416 1834 Sall.

316 1865 397 1949 Jng.
411 1867 466 1934 25.
488 1867 679 1952 ‘utantur
699 1871 736 1938 in
749 1868 901 1940 Africam
915 1871 1062 1957 majores
1072 1879 1163 1952 neto,
1177 1871 1325 1950 nobiles,
1341 1889 1413 1936 am·
1505 1901 1506 1910 ι

317 1963 386 2050 plie
399 1966 583 2036 honoribue
592 1970 613 2050 ς’
628 1971 810 2040 ubicnntra
819 1973 933 2042 listoe
944 1973 1140 2042 addiderant
1150 1973 1305 2041 Editores
1320 1972 1412 2038 ‘nsi'

308 2066 372 2162 til.
395 2071 405 2102 ‘
421 2065 539 2134 Facile
555 2069 590 2136 N
592 2072 728 2140 umidiae
752 2075 943 2160 persuadet,
958 2095 1037 2142 oum
1056 2075 1190 2158 ingenio
1204 2073 1329 2151 infido:
1345 2073 1414 2144 eci-

314 2168 395 2238 licet
414 2168 554 2250 homini,
580 2176 670 2240 ‘tum
695 2175 872 2255 metuenti,
893 2175 962 2253 ne:
983 2179 1044 2242 &a
1067 2174 1121 2242 oa
1144 2173 1291 2243 ‘Nonne
1312 2193 1413 2240 nemo
1503 2171 1504 2194 ³

315 2275 386 2336 tam
399 2271 523 2350 clarnr,
537 2293 646 2356 neque
669 2279 738 2338 tam
765 2275 907 2354 egregiis
931 2273 1028 2338 tuens
1054 2274 1146 2341 erat!
1166 2275 1221 2342 94.
1237 2265 1413 2361 ‘Cupidus

315 2368 535 2451 voluptatum,
549 2371 611 2434 eed
623 2369 738 2452 glorie
760 2369 927 2452 cupidior,
947 2371 1018 2436 otio
1040 2372 1218 2443 luxurioso
1240 2375 1343 2442 ansel
1361 2393 1414 2441 ιν.

316 2467 410 2535 Hiet.
424 2473 435 2504 ‘
447 2469 600 2554 Regnum
610 2469 761 2536 Persidis
773 2469 908 2556 inclytis
922 2469 1069 2552 mudic’
1078 2473 1170 2557 quod
1179 2476 1268 2539 maie
1281 2485 1416 2546 rnumnt

315 2569 467 2642 Falernus
492 2569 584 2658 apud
613 2569 843 2653 ciacconinn,
863 2579 900 2638 ct
928 2573 1061 2652 Donec,
1076 2574 1110 2640 in
1132 2573 1335 2658 ‘inclytum’
1359 2581 1416 2646 vel

315 2673 499 2761 ‘inclyte’
542 2673 612 2741 Sed
639 2680 674 2741 et
701 2674 784 2740 nihil
812 2673 1008 2740 mutandum
1029 2675 1073 2742 -in
1100 2674 1184 2744 Teo.
1213 2673 1307 2743 lint.
1324 2691 1350 2743 1.
1379 2681 1414 2746 8.
1506 2731 1507 2742 ,

312 2775 480 2842 ‘clurino
493 2777 544 2842 vir
565 2775 744 2853 iucundus,
757 2784 794 2842 et
815 2778 914 2858 pacie
936 2777 1075 2857 artibus,
1089 2776 1170 2844 belii
1190 2775 1415 2861 inexpertus:

314 2875 384 2940 Ubi
410 2892 518 2956 neque
533 2874 701 2944 subaudio
718 2876 925 2958 ‘expertus’
945 2896 1022 2942 cum
1036 2877 1217 2955 Rhenano,
1230 2881 1411 2964 neque'ad-

313 2973 453 3038 diderint
468 2972 618 3039 ‘clarus’
633 2993 710 3040 oum
726 2973 855 3041 Fndrno
870 2983 908 3043 et
921 2975 1059 3053 Ursino,
1069 2995 1177 3060 neque
1190 2977 1310 3048 deeeeo
1325 2981 1410 3062 quid

312 3079 395 3159 puto
421 3093 500 3142 cum
529 3073 671 3156 Murato,
695 3075 755 3142 aed
783 3093 928 3161 expono,
943 3075 1042 3142 homo
1063 3077 1185 3144 artium
1212 3079 1333 3163 pacis,
1346 3099 1409 3146 seu

311 3177 413 3261 cujus
426 3185 517 3244 artes
532 3184 624 3244 erant
637 3186 725 3245 arms
738 3177 843 3263 pecie.
886 3178 939 3248 lto
953 3177 1041 3245 idem
1062 3195 1104 3244 ιι.
1117 3179 1150 3245 S.
1171 3183 1182 3220 ‘
1192 3181 1407 3248 simulacrum

313 3283 412 3355 Dece,
429 3297 499 3342 non
520 3279 625 3361 effigie
645 3278 804 3359 humana,
825 3281 1004 3349 continuus
1018 3281 1131 3348 orbis?
1173 3278 1262 3348 Vide
1276 3288 1309 3349 et
1324 3281 1407 3356 Gel·
1506 3335 1507 3346 ,

311 3379 396 3443 Sum
407 3395 440 3441 v.
455 3378 488 3442 8.
532 3378 580 3443 Ut
593 3399 674 3445 vero
689 3380 746 3446 hic
760 3381 913 3446 ‘laxiore
933 3380 1077 3459 militia,'
1092 3383 1144 3448 aio
1158 3385 1178 3418 ⁴
1188 3381 1319 3451 laxiore
1344 3386 1406 3452 im·

312 3480 408 3564 perio
429 3480 551 3544 habero
561 3479 705 3556 milites?
719 3499 776 3564 ap.
790 3481 876 3548 Sall.
891 3481 915 3547 J
916 3503 969 3566 ug.
983 3483 1038 3548 64.

352 3597 414 3646 ιιι.
435 3581 468 3644 5.
498 3578 577 3644 ‘Ao
589 3599 672 3646 mox
686 3581 822 3664 cognito
835 3601 896 3667 per
909 3583 1105 3650 universnm
1119 3585 1302 3651 exercitum
1317 3605 1404 3670 prec-
1506 3563 1507 3594 ³

310 3683 393 3748 lium
408 3683 442 3748 in
456 3701 500 3746 ea
512 3687 617 3765 parte,
628 3682 749 3766 reliqui
762 3683 865 3750 duces
878 3683 1073 3762 confirmati,
1088 3686 1148 3752 ubi
1162 3686 1306 3770 quisque
1319 3707 1402 3774 pug-

309 3789 460 3858 naverat,
471 3782 868 3865 undiqueeoconduont!
890 3785 948 3851 Sic
964 3783 1071 3851 edidit
1078 3785 1244 3870 Ampliss.
1256 3786 1403 3864 Obrech-

311 3891 386 3952 tus:
409 3885 443 3948 in
457 3883 536 3949 aliis
552 3883 639 3951 Edd.
654 3884 775 3968 legitur
789 3885 952 3970 ‘proelio'
974 3883 1122 3965 Quodsi
1136 3887 1219 3953 iilud
1233 3907 1277 3954 ex
1288 3887 1402 3968 Matio,

311 3985 419 4049 eirea
434 3983 597 4064 Mercero,
617 3985 690 4051 eive
711 3987 755 4052 ab
771 3987 949 4068 Obrechio,
971 3991 1025 4052 est
1043 3988 1211 4068 haustum,
1232 3987 1285 4075 (ut
1299 4007 1402 4069 augu-
1423 4037 1425 4052 .

311 4099 392 4173 ¹⁰13
412 4093 505 4158 cente
518 4087 796 4158 enivaercems
816 4091 945 4168 scribit,
957 4089 1077 4160 multas
1093 4109 1131 4178 ee
1146 4090 1294 4170 mendae,
1306 4089 1401 4168 codi-
