3036 4918
215 485 217 490 ,
350 422 399 478 uu
421 425 602 476 ursronrn
629 427 740 480 nunni
764 428 969 484 coornat·
1147 415 1191 488 49

99 577 168 643 nisi
182 578 415 640 verbsessent
436 575 533 640 nimis
557 574 725 657 simplicia
744 581 781 642 et
801 584 929 660 aperta,
943 597 984 644 ac
1002 578 1074 660 jam
1087 585 1190 648 autea

99 679 225 762 Dictyn
238 677 335 748 etiam
344 665 361 710 '‘
370 674 479 741 Vocis
493 667 713 741 Phoenicum'
728 676 876 742 dixisset
897 680 907 708 ‘
919 677 1085 758 peritum:
1097 679 1188 760 quod

98 798 164 843 nou
180 778 249 842 alia
263 776 394 842 videtur
407 777 535 849 fratione
548 775 648 840 isthic
662 777 866 860 expositum,
885 793 987 860 quarn
1001 783 1039 840 ut
1051 777 1127 841 inde
1138 781 1188 848 in.

96 878 326 960 telligeremus‚
347 898 416 951 uon
446 881 571 941 tantum
606 875 721 954 literis,
750 875 811 940 sed
841 882 876 941 et
897 893 981 941 voco
1005 894 1051 940 ao
1079 877 1191 960 lingua

95 979 228 1044 Punica
241 979 304 1042 hoc
327 998 412 1061 opus
430 997 454 1042 a
475 978 601 1061 Dictys
625 977 686 1046 ilio
708 976 811 1044 fuisse
834 977 1014 1060 scriptum,
1029 978 1117 1042 unde
1137 981 1192 1052 ‘iu

98 1078 256 1145 Graeoum
272 1098 463 1145 ,sermonem
483 1079 671 1148 transferrl'
704 1079 869 1156 debuerit.
912 1079 959 1145 Et
978 1081 1091 1146 forsan
1117 1099 1191 1147 cre,

16 1259 17 1266 ἵ
95 1179 248 1244 diderunt
274 1181 309 1244 id
334 1181 540 1263 posteriores
570 1179 684 1245 Graeci
705 1178 1060 1264 tenendumque
1082 1181 1191 1264 stylus

97 1281 214 1346 Graeci
237 1281 393 1366 Dictyos,
414 1289 517 1364 prout
545 1281 589 1346 ad
615 1280 696 1346 illos
717 1282 881 1364 peruenit,
901 1299 968 1344 non
994 1281 1192 1366 praelerebat

93 1387 217 1452 tautam
229 1383 476 1464 antiquitatem,
488 1386 647 1465 quautam
661 1381 816 1464 jactabat
830 1385 944 1451 auctor
959 1379 1092 1466 Operis.

135 1499 273 1548 xxxin
296 1483 435 1548 Friuola
457 1489 569 1549 autern
592 1489 671 1548 suut
687 1502 763 1566 quoe
778 1483 931 1568 Septimii
948 1482 1114 1570 Epistulae
1129 1505 1190 1570 op·

92 1585 189 1667 ponit
215 1585 407 1661 Merccrus.
448 1585 531 1656 Nou
555 1584 672 1648 extitit
692 1585 727 1647 in
752 1585 828 1668 ejus
853 1585 1046 1650 codicibus:
1069 1575 1115 1656 A't
1137 1605 1190 1654 re-

92 1687 225 1768 peritur
238 1687 273 1750 in
283 1687 377 1764 aliis,
392 1673 541 1756 etrin'iis
565 1685 651 1752 unde
667 1704 834 1770 expressa
846 1692 900 1750 est
912 1685 1023 1769 primu
1042 1687 1191 1751 omnium

89 1786 221 1864 Editio,
239 1787 398 1868 aquibus
412 1786 562 1852 vicissim
578 1792 657 1850 tunc
677 1788 777 1850 abest
798 1786 856 1850 ille
877 1784 1055 1867 Prologus.
1100 1785 1192 1851 Dein

89 1886 257 1952 ‘seriem’
278 1906 338 1950 sen
362 1906 486 1964 nexum
502 1887 638 1972 Prologi
652 1893 687 1951 et
702 1885 822 1969 Operis
836 1887 948 1968 ipsius
963 1887 1090 1956 ‘turbat
1102 1885 1121 1949 τ’
1143 1885 1192 1953 nt

90 1987 266 2066 Prologus
280 1986 336 2060 ille
350 2006 416 2050 non
430 1993 482 2050 est
492 1989 539 2050 ab
552 1993 685 2053 anctore
698 1989 826 2070 operis,
847 1985 909 2050 sed
932 1987 975 2052 ab
997 1987 1075 2066 elio,
1089 1992 1128 2051 nt
1145 2006 1192 2053 ex

91 2107 135 2152 eo
147 2087 227 2170 ipso
237 2086 356 2169 liquet,
372 2087 531 2154 incertum
546 2106 615 2171 quo
629 2092 663 2152 ct
675 2088 810 2171 qnando
823 2090 1043 2172 compositus,
1057 2093 1096 2154 nt
1105 2088 1191 2156 adeo

86 2187 191 2256 -nuila
205 2188 260 2252 hic
275 2189 323 2254 sit
336 2172 481 2270 genuina
495 2191 608 2254 series.
651 2175 758 2256 Porro
784 2187 846 2266 ⁴0.
867 2188 1014 2258 Arcadio
1028 2191 1193 2270 inscripta

89 2290 127 2354 in
140 2287 312 2354 Ruffinum
327 2289 480 2354 desiuit:’
502 2288 551 2355 At
563 2309 650 2356 unus
666 2289 825 2373 idemque
840 2289 1013 2356 luithorno
1027 2287 1094 2384 Ὢ.
1104 2286 1192 2358 Aru
1322 2347 1325 2354 ,

84 2391 175 2454 dius
193 2387 278 2472 (non
292 2389 518 2470 ‘Arcadius't
543 2390 709 2461 Rufinus!
745 2392 901 2476 Denique
916 2389 1192 2473 ‘premeridem

1 2561 2 2578 χ
88 2489 247 2554 nominat
268 2490 353 2556 hunc
375 2493 493 2556 librum
517 2493 628 2559 minus
654 2491 811 2578 proprie!
853 2491 903 2558 At
926 2493 986 2560 ille
1012 2493 1078 2558 suit
1092 2513 1191 2564 verus

1 2629 2 2632 =
88 2591 182 2673 libri,
200 2610 263 2656 seu
278 2592 387 2674 ipsius
410 2592 531 2680 Graeci,
548 2594 707 2672 Dictyos,
728 2594 860 2670 titulus,
879 2599 971 2660 utus
993 2593 1099 2662 Suida
1113 2613 1192 2671 cop-

85 2697 178 2770 stat„
200 2711 300 2776 quem
321 2694 413 2755 buna
433 2693 545 2770 itaque
566 2689 632 2763 lide
649 2691 802 2753 *servavit
822 2690 1025 2770 Septimius..¹
1060 2689 1193 2756 Graecis

89 2777 221 2858 autem*
234 2790 366 2873 ἐφημερὶς
386 2790 526 2864 notabat
540 2787 675 2870 proprie
691 2788 839 2854 diurnus·
851 2789 999 2856 historiae
1016 2789 1193 2866 Gemmeus

90 2893 218 2966 tarius,
233 2889 353 2960 deinde
364 2890 449 2954 'vero
467 2887 571 2954 etiam
584 2904 710 2960 ornnem
722 2887 1008 2974 -historiam,quee
1026 2899 1192 2976 perpetuo

87 2993 262 3076 temporis
278 2991 391 3054 ordine
405 2989 623 3073 progreditur,
639 2989 741 3070 unde,
756 2997 794 3053 ut
806 2991 1191 3078 -notauitjam'amplism

89 3091 303 3169 Obrechtus,
318 3091 421 3162 etiam
438 3088 585 3166 Caesaris
594 3093 858 3157 commentarios
875 3091 1038 3174 ἐφημερίδας
1053 3095 1102 3158 illi
1120 3096 1196 3162 dix.

88 3200 200 3262 erunt.
236 3193 379 3258 Mulelas
394 3197 504 3256 tamen
518 3190 633 3254 laudat
644 3191 770 3274 Dietyn
779 3191 875 3255 titulo
888 3190 1042 3274 ῥαψῳδιῶν,
1054 3192 1115 3257 sed
1126 3213 1193 3274 qua

1 3377 2 3382 ἵ
74 3286 78 3291 ’
93 3317 180 3363 uoce
194 3297 410 3378 designantur
423 3291 555 3376 singula
570 3291 669 3377 hujus
681 3293 792 3375 operis
806 3287 988 3362 volumina.
1031 3293 1088 3358 lta
1103 3300 1194 3359 certe

94 3399 264 3482 pag-172.
312 3401 412 3460 Ταῦτα
427 3391 532 3468 Δίκτυς
547 3396 624 3478 iurgi
646 3391 711 3478 ἕκτῃ
728 3396 812 3456 αὐτοῦ
826 3392 956 3479 ῥαψῳδίᾳ
970 3393 1084 3472 illiers.
1128 3396 1192 3462 Ni·

1 3501 2 3528 l
92 3499 146 3564 hil
159 3518 237 3582 ergo
248 3498 283 3562 in
301 3498 369 3562 illis
385 3502 448 3574 est,
464 3517 531 3580 quo
545 3496 815 3579 miuusgenuina
825 3495 900 3562 hmo
913 3496 1077 3562 habeatur
1091 3503 1123 3561 et
1134 3517 1193 3563 an·

89 3599 527 3682 tiquaipsipslntcrpratis
550 3598 712 3681 Epistola.
757 3597 862 3676 Quod
876 3602 910 3662 et
928 3617 1002 3662 esse
1014 3615 1089 3662 cam
1105 3613 1192 3672 vere,

94 3699 287 3778 etiamtum
298 3701 418 3785 liquet,
428 3689 518 3783 quod
527 3699 572 3768 ad
587 3697 651 3778 Ὀ.
661 3698 823 3764 Aradium
837 3697 1014 3762 Rufinum'
1025 3695 1193 3778 estsorip·

96 3808 150 3878 ta,
162 3799 327 3870 hominem
341 3801 503 3870 satissuo
517 3805 667 3884 tempore
680 3799 930 3876 illustrem,non
944 3799 993 3864 ita
1003 3803 1111 3862 tamen
1123 3797 1194 3860 cui·

95 3902 181 3966 libet
196 3901 293 3980 etiam
309 3909 388 3988 post
411 3921 473 3968 suu
486 3901 560 3968 fata
580 3909 707 3980 notum,
729 3905 765 3970 ut
780 3903 1006 3980 v‘nuperusot
1019 3897 1193 3978 imperitus

98 4003 406 4071 Grammaticulus’
430 4002 503 4086 ejus
526 4001 741 4082 potissimum
756 3999 907 4065 videatur
928 4002 1117 4082 arrepturus
1130 4015 1191 4068 nov

96 4123 175 4176 men
190 4103 235 4168 ad
249 4104 432 4193 epistolam
445 4103 547 4167 talem
558 4101 755 4182 fingendam.

146 4217 295 4266 xxxiii.
309 4203 430 4287 Major
459 4221 539 4271 vero
556 4206 614 4266 est
639 4197 815 4268 difficultas
830 4199 863 4270 in
888 4199 1093 4284 ‘Septimio’
1117 4203 1191 4286 ejus

168 4317 257 4382 Delplr.
266 4322 290 4368 et
303 4317 438 4370 Venditis.
617 4314 686 4366 Dict.
700 4316 765 4367 Cret.
783 4305 789 4316 “
1102 4315 1128 4364 D
