3052 4900
400 317 599 386 nn'nxcro.
622 337 753 386 runem·
771 338 918 390 steron.
1132 327 1197 394 307

15 477 16 480 ’
111 475 313 562 praedantur.
357 474 457 554 Quod
481 476 640 558 oppidani
662 497 736 540 eum
752 479 923 557 vidissent,
946 479 1003 548 diu
1026 466 1196 568 pugnave-
1269 549 1272 562 ,

109 584 188 641 runt
210 571 285 641 eum
299 575 507 654 Alexandro,
532 594 575 640 ne
596 577 762 642 Helenam
781 581 904 662 eripere
929 593 1057 663 posset.
1101 585 1196 663 Quos

111 677 305 742 Alexander
328 678 431 742 fretus
457 678 665 742 multitudine
688 681 854 744 sociorum
880 685 1058 762 superavit,
1083 687 1196 752 lanum

111 780 323 862 exspoliarit,
344 779 495 842 homines
513 795 626 842 secum
642 782 904 862 quamplurimos
919 782 1071 863 captivos
1087 785 1195 863 duxit,

111 882 144 943 in
154 880 264 942 navim
280 880 448 961 imposuit,
461 881 601 944 classem
616 882 727 959 solvit,
737 882 869 945 domum
882 883 1001 945 reverti
1017 882 1196 966 disposuit,

111 981 143 1043 in
159 986 290 1062 portum
304 980 468 1044 Tenedon
483 979 658 1063 pervenit,¹’
674 984 730 1045 ubi
742 979 906 1046 Helenam
923 989 1099 1047 moestamc
1114 983 1195 1047 allo-

111 1081 191 1162 quio
206 1078 398 1163 mitigavit,d
420 1082 509 1164 patri
531 1075 578 1145 'rei
602 1087 702 1161 gestae
723 1084 870 1146 nuntium
888 1085 989 1148 misit.
1035 1085 1192 1148 Menelao

110 1186 288 1264 postquam
313 1183 347 1245 in
370 1181 458 1262 Pylo
480 1183 666 1255 nuntiatum
687 1191 752 1256 est,
772 1201 846 1245 cum
872 1183 1015 1248 Nestore
1040 1186 1196 1267 Spartam
1252 1193 1254 1202 ’

109 1281 279 1364 profectus
295 1287 361 1356 est,
377 1282 420 1344 ad
436 1280 717 1362 Agamemnonem
740 1283 870 1346 fratrem
892 1283 985 1346 misit
998 1284 1121 1366 Argoa,
1145 1305 1197 1349 ro·

108 1401 189 1462 gans
205 1390 241 1444 ut
255 1383 297 1445 ad
312 1399 347 1444 se
362 1382 484 1445 veniat.
527 1382 659 1446 Interea
674 1382 867 1448 Alexander
888 1385 931 1448 ad
954 1391 1081 1467 patrem
1099 1402 1196 1448 sunm

106 1499 185 1543 eum
201 1481 315 1562 praeda
329 1483 489 1563 pervenit,
503 1487 535 1544 et
549 1483 598 1546 rei
614 1490 717 1562 gesta
732 1483 880 1547 ordinem
896 1485 1003 1549 refert.
1026 1484 1109 1569 [tn]
1124 1486 1198 1557 Pri·

109 1599 205 1644 amus
232 1583 368 1662 gavisus
392 1588 456 1658 est,
482 1599 617 1664 sperans
640 1581 779 1648 Graecos
802 1603 907 1648 causa
931 1588 1198 1667 recuperationis

111 1681 253 1745 Helenae
278 1699 422 1746 sororem
448 1680 634 1746 Hesionam
655 1685 854 1761 reddituros,
869 1692 903 1749 et
924 1705 1053 1768 eaquae
1076 1688 1154 1762 inde
1175 1707 1196 1751 a

108 1782 266 1865 Trojanis
292 1784 506 1846 abstulerant.
552 1783 718 1848 Helenam
736 1791 892 1848 moestam
905 1786 1108 1850 consolatos
1133 1795 1196 1861 est,

108 1887 144 1946 et
158 1902 233 1946 eam
250 1882 440 1946 Alexandro
454 1883 629 1966 conjugem
643 1885 755 1949 dedit:
777 1906 878 1968 quam
903 1892 941 1950 ut
966 1889 1099 1969 aspexit
1113 1887 1195 1951 Cas·

108 1984 242 2060 sundra,
258 1984 435 2048 vaticinari
451 1985 564 2067 coepit,
578 2005 767 2050 memorans
780 2006 820 2050 ea
835 2005 912 2069 quae
929 1992 1004 2050 ante
1027 1989 1194 2069 praedixe-

108 2092 168 2148 rat.
213 2083 325 2161 Quam
342 2083 496 2147 Priamus
509 2085 653 2148 abstrahi
666 2093 701 2150 et
714 2087 841 2149 includi
860 2085 972 2167 jussit.
1017 2087 1194 2169 Agamem·

107 2203 181 2259 nou,
205 2189 384 2266 postquam
405 2183 560 2265 Spartam
579 2185 683 2260 venit,
703 2185 834 2248 fratrem
858 2188 1050 2261 consolatus
1076 2195 1136 2264 est,
1159 2197 1194 2251 et

47 2272 50 2284 ⁴
107 2284 235 2365 placuit
249 2289 284 2346 ut
307 2303 365 2365 per
386 2288 488 2346 totam
505 2282 671 2348 Graeciam
687 2287 896 2367 conquesturi
922 2288 1125 2351 mitterentur
1150 2289 1193 2351 ad

108 2384 342 2448 convocandos
355 2383 503 2459 Graecos,
515 2391 548 2446 et
559 2384 716 2468 Trojanis
729 2385 850 2448 bellum
862 2385 1080 2450 indicendum.
1104 2387 1193 2450 Con-

106 2492 267 2548 venerunt
281 2491 388 2548 antem
403 2484 455 2561 hi;
478 2482 626 2549 Achilles
641 2505 715 2548 cnm
733 2485 903 2560 Patroclo,
921 2487 1095 2569 Euryalus,
1116 2488 1195 2551 'lle-

106 2585 280 2664 polemuS,⁸
298 2584 486 2646 Diomedes.
524 2583 709 2662 Postquam
725 2585 883 2662 Spartam
898 2592 1122 2657 accesserunt,
1136 2586 1193 2644 de·

106 2687 280 2746 creverunt
310 2680 449 2761 iujurias
477 2676 718 2762 Trojauorumf
747 2682 917 2759 persequi,
945 2682 1129 2741 exereitum
1160 2687 1192 2742 et

105 2784 249 2845 classem
265 2797 466 2860 comparare.
497 2777 775 2858 Agamemnonem
784 2778 1015 2856 imperatorem
1029 2782 1061 2841 ot
1077 2777 1192 2842 ducem

105 2867 305 2963 praeficiunt.
350 2876 400 2940 Hi
424 2877 554 2957 legatos
570 2878 715 2953 mittunt,
737 2883 774 2940 ut
798 2883 868 2940 tota
883 2875 1018 2942 Graecia
1037 2880 1192 2942 eonveni-

593 3091 701 3152 norm

136 3252 148 3285 ὓ
164 3251 296 3314 inportant
309 3249 415 3299 Tenedon
428 3248 545 3312 peruenit]
568 3249 630 3298 Die·
669 3259 747 3296 naves
759 3253 849 3295 secuta
858 3250 907 3306 est,
918 3243 1027 3294 sedeam
1038 3244 1113 3292 Paris
1125 3243 1192 3292 intra

105 3333 146 3390 tys
163 3328 209 3386 alt,
219 3339 277 3375 enm
294 3327 436 3375 inconsulte
453 3339 524 3373 usum
537 3326 630 3386 ventis,
669 3335 745 3370 naves
757 3321 901 3383 impellens,
912 3320 970 3368 rels
980 3318 1053 3380 lecit,
1063 3322 1112 3367 tre.

105 3403 254 3454 Phoeuleem
273 3402 411 3465 appulisse.
443 3399 510 3449 Vide
530 3400 566 3448 ini
584 3413 628 3448 no·
699 3395 836 3458 dareque
845 3395 979 3458 mitigavit]
997 3394 1029 3443 ld
1040 3393 1193 3456 consolatus

104 3482 167 3525 tata·
669 3480 722 3533 est;
742 3472 877 3535 alloquium
896 3469 962 3518 euim
978 3475 1019 3518 est
1034 3468 1190 3518 consolatio:

135 3559 148 3586 ⁰
167 3549 340 3599 Uettienum
348 3550 465 3613 metant]
482 3549 629 3598 lnnuitDa·
669 3547 783 3597 catullus
793 3553 868 3595 sonet
880 3546 887 3574 ‘
898 3541 1095 3594 allocutionem!

105 3639 156 3687 res,
168 3625 293 3674 Helenam
306 3624 410 3672 insitam
429 3639 444 3672 a
461 3624 555 3672 Paride
571 3639 628 3687 rap·
700 3629 711 3655 ⁰
729 3622 881 3686 llepolemss]
910 3620 1030 3669 Herculis
1051 3628 1078 3666 et
1096 3616 1191 3678 Astyn-

105 3706 158 3748 tam
177 3697 275 3757 fuisse3
298 3696 367 3758 qrtod
387 3703 414 3744 et
432 3697 474 3744 alii
494 3698 626 3746 scribunt:
667 3697 871 3752 construenda
884 3695 1053 3744 Rhodiorum:
1079 3691 1189 3746 iseuim,

104 3773 173 3822 unde
190 3771 297 3820 Homeri
313 3770 514 3830 Sclsollastes,ln
532 3769 627 3831 Odyss.
667 3772 752 3820 occiso
780 3769 911 3831 Lyoimuio
937 3767 1069 3815 Alcmenae
1099 3763 1189 3824 fratre,

103 3852 134 3896 lt
157 3846 248 3895 scribit
262 3846 391 3894 Venerem
409 3841 498 3891 Paridi
515 3844 627 3892 Menelai
668 3843 778 3908 patriam
804 3839 905 3904 fugiens
934 3839 1050 3887 Rhodum
1081 3839 1189 3902 appulit,

104 3921 212 3971 sormam
225 3919 333 3975 dedisse,
346 3927 374 3968 et
390 3919 427 3966 ita
444 3917 568 3965 Helenam
582 3918 627 3966 de·
667 3931 774 3980 nmque
784 3915 833 3965 sibi
845 3913 964 3976 subjecit.

104 3994 214 4057 cepisse.
234 3992 297 4053 Ipsa
308 3995 385 4053 enim,
395 3989 545 4041 artistimaus
554 4003 626 4042 rere·
699 3991 709 4026 ¹
723 3993 830 4053 Inimins
836 3989 999 4052 Mannum]
1008 3988 1039 4038 Id
1049 3996 1119 4051 est‚·a
1127 3991 1188 4038 Tro·

105 4086 134 4120 ra
153 4083 210 4118 esse
231 4068 385 4132 Menelaum,
403 4076 496 4131 sponte
517 4083 571 4119 snm
594 4069 626 4118 ad
662 4067 730 4130 jonis
741 4067 834 4116 illatas.
