3028 4900
398 285 587 334 nanneno
611 284 783 336 uaesano
809 289 879 341 nin.
903 291 926 336 1.
1162 279 1206 342 95

117 433 204 510 erat,
217 432 252 492 et
266 425 488 508 Agamemnon
501 429 609 512 mador
625 429 740 507 irater,
761 436 800 494 nt
814 432 888 496 vice
911 451 972 498 sna
990 433 1025 497 in
1039 433 1205 500 divisione

19 563 20 596 r
116 531 288 603 uteretur,¹’
312 526 503 609 petiverant.
547 529 617 592 Sed
642 529 702 592 hiq
723 548 790 594 non
813 531 1016 612 Plisthenis:
1037 541 1075 596 nt
1098 542 1204 611 erant,

19 667 21 716 τ
117 627 226 712 magis
241 645 341 709 qnam
353 625 455 692 'Atrei
476 629 694 693 dicebantur:
716 630 762 692 ob
776 639 850 694 ea'rn
863 650 1011 708 causam,
1026 633 1205 714 quodcum

19 719 21 748 ³
116 725 331 806 Plisthenes:
350 727 525 793 admodum
540 729 680 810 parvis,⁵
700 731 775 813 ipse
793 749 897 814 agens
919 733 952 794 in
973 733 1088 814 primis
1113 735 1205 798 aunis

19 901 20 904 Ἴ
115 827 182 890 vita
196 827 342 904 iunctus,
354 828 435 892 nihil
449 827 583 909 dignum
598 829 640 893 ad
654 831 842 894 memoriam
853 831 998 894 nominis
1007 833 1207 914 reliquisset,

115 924 241 990 Atreus
257 929 470 992 miseratione
482 930 592 992 aetatis
605 947 716 993 secum
728 948 786 993 eos
796 931 1087 1016 habuerat,'neque
1098 933 1208 996 minus

19 1027 20 1110 ι
116 1047 215 1108 quarn
230 1030 339 1109 regios
353 1028 563 1093 educaverat.
580 1018 583 1024 ’
608 1029 648 1091 Ιιι
671 1048 738 1110 qua
756 1031 921 1096 divisione
936 1031 1058 1113 singuli
1073 1053 1135 1117 pro
1149 1043 1206 1096 no·

19 1111 20 1172 7
115 1127 213 1212 minis
239 1128 448 1194 celebritate*
469 1129 554 1192 inter
579 1147 617 1191 se
641 1129 784 1212 quisque
805 1121 982 1212 magnifice
1007 1138 1208 1214 transegere.

115 1227 177 1308 [2.]
197 1227 254 1292 Ad
276 1248 342 1294 eos*
352 1249 388 1294 rc
402 1229 540 1326 cognita
554 1247 666 1293 omnes
679 1249 725 1294 ex
747 1231 870 1312 origine
884 1231 1058 1317 Europac,¹¹
1080 1252 1156 1315 quae
1173 1233 1207 1297 in

611 1429 718 1480 NOTAE

19 1563 21 1588 r
113 1555 228 1617 ‘Atrei3’
239 1554 342 1605 undeet
351 1569 406 1605 earu
416 1554 485 1606 idem
492 1557 642 1608 Eustathios
681 1561 851 1612 communiter
861 1561 978 1628 Airopes
993 1568 1021 1612 et
1032 1555 1106 1612 Atrei
1118 1558 1209 1609 existi·

19 1675 20 1688 ,
114 1631 317 1696 Agamemnonis
329 1646 442 1682 sororem
451 1633 517 1683 dixit
526 1649 534 1682 2
544 1633 642 1698 quippe
681 1636 828 1698 mabuntur,
840 1638 884 1687 sed
897 1651 923 1686 re
935 1652 996 1687 reru
1007 1643 1083 1686 erant
1094 1634 1209 1683 Plisthe-

19 1711 21 1782 ᾗ
112 1710 155 1772 qui
175 1709 321 1757 Homerum
343 1715 445 1758 secutus
471 1708 641 1773 Agamemno·
682 1710 786 1772 nislilii,
799 1721 828 1761 ut
845 1726 903 1762 cum
921 1712 996 1762 multi
1011 1711 1065 1773 alil,
1081 1716 1133 1760 tum
1145 1709 1210 1756 Por·

19 1843 20 1850 ἵ
113 1795 172 1832 netu
181 1792 211 1833 et
219 1783 369 1832 Menelaum
378 1783 462 1844 Atrei,
470 1797 521 1832 uon
530 1785 643 1834 Plisthe·
682 1785 788 1847 phyrlus
800 1787 890 1836 scribit
899 1788 926 1835 in
942 1787 994 1836 suis
1009 1783 1210 1837 Quaestlonibus.

113 1857 164 1918 nis,
179 1857 246 1908 lilios
263 1856 336 1906 iacit.
369 1859 419 1906 Sed
436 1858 478 1906 hic
494 1859 644 1908 aliter-Dic·
683 1859 736 1909 Sed
752 1861 870 1924 quonlam
883 1860 1031 1910 Plisthenes
1043 1858 1149 1922 juvenis
1166 1857 1210 1906 ud·

19 1975 20 1992 2
114 1935 221 1998 tys‚„qui
233 1935 271 1983 sic
281 1935 386 1984 minime
397 1935 513 1983 excusari
523 1942 619 1998 potest.
683 1933 734 1982 hoc
750 1940 865 1984 mortuus
880 1943 930 1992 est,
947 1935 1010 1984 nibil
1021 1935 1144 1984 memorio
1155 1933 1210 1998 dig·

19 2019 20 2026 ¹
144 2017 158 2050 Ρ
178 2011 233 2058 Vico
244 2009 570 2072 mniadivisioncuteretur]
588 2009 646 2060 Hoc
685 2023 744 2058 nam
764 2017 824 2074 post
840 2025 868 2060 re
887 2013 1041 2076 relinquens,
1060 2009 1159 2074 parvuli
1177 2008 1211 2060 ab

113 2089 163 2144 est,
174 2087 373 2145 utsuaspartes
384 2091 482 2144 egeret.
497 2083 646 2147 AitDictys
686 2083 768 2134 Atreo
790 2099 838 2134 aro
858 2085 971 2142 educati,
989 2087 1047 2148 ejus
1066 2085 1145 2136 etiarn
1164 2081 1211 2130 tilii

112 2157 273 2207 Anaxibium
294 2163 324 2206 et
339 2156 567 2220 Agamemnonem,
585 2173 647 2222 quo·
686 2157 751 2205 dicti
772 2159 850 2208 sunt0’
892 2159 978 2208 Schol.
1001 2159 1092 2220 Enrip.
1122 2157 1212 2205 Orest.

109 2229 559 2296 ronr'stteraproptersexnm,a1ter
568 2248 646 2298 prop·
685 2231 779 2294 Ἀτρεὺς
798 2231 843 2293 μὲν
862 2233 907 2292 τὴν
923 2229 1036 2283 Κλεόλαν
1055 2231 1100 2291 τὴν
1114 2229 1213 2298 Arium

111 2315 157 2357 ter
171 2309 247 2370 regui
264 2309 303 2356 sui
321 2311 472 2373 custodiam,
486 2311 574 2360 Cretae
586 2325 644 2360 cum
683 2304 837 2366 ’ἀπαγόμενος
854 2305 898 2368 ἔχε
913 2308 1044 2368 notatim
1054 2308 1083 2358 ri
1093 2311 1160 2368 σῶμα
1170 2305 1212 2356 dc·

113 2380 176 2431 aliis
189 2381 281 2430 adesse
295 2396 346 2431 uon
358 2389 482 2447 poterant,
496 2400 513 2434 a
523 2387 644 2436 Menelao
665 2397 667 2402 ·
683 2382 747 2444 θενῆ,
758 2381 784 2432 ts
795 2382 921 2446 Ἐριφύλην
930 2384 1009 2446 γήμας
1027 2384 1084 2447 ἔχεν
1094 2381 1213 2446 'Aponiu-

19 2479 20 2482 ¹
111 2457 280 2521 petiissent
301 2472 347 2521 pro
363 2459 485 2510 ambobus
501 2459 601 2510 iaceret
617 2461 643 2510 in
683 2475 740 2507 uera
751 2457 790 2506 sol
799 2458 966 2509 ticinensum
974 2458 1114 2521 Ἀναξιβίην·
1127 2456 1179 2508 νέοι
1187 2455 1213 2506 δὲ

19 2545 20 2574 ι
112 2531 244 2581 divisione
256 2532 355 2595 Cretei,
366 2539 394 2582 et
404 2535 541 2596 colligeret
558 2533 647 2580 umbo·
685 2529 803 2576 τελευτῶν
820 2532 834 2575 t
849 2531 992 2589 ῐιλεισθίνηε
1008 2531 1144 2580 καταλείπει
1159 2530 1214 2580 τοὺς

19 2669 20 2674 ¹
113 2613 291 2654 rumsortem.
686 2603 770 2650 παῖδας
779 2604 816 2662 τῷ
825 2603 903 2665 πατρί·
921 2605 939 2651 i.
951 2617 975 2652 e.
993 2605 1117 2664 ‘Atreus‚
1136 2602 1216 2652 ducta

150 2688 164 2721 ‘t
183 2679 232 2727 Sed
243 2677 280 2738 bi]
291 2675 446 2738 Respondet
458 2675 647 2739 superioribusr
687 2687 768 2723 uxore
790 2676 880 2724 Cleola
898 2676 1003 2724 Disntis
1020 2675 1082 2736 tilia,
1101 2675 1215 2724 Plisthe-

19 2805 20 2818 χ
113 2755 237 2814 ‘AEropa
249 2758 277 2800 et
289 2749 424 2798 Plisthene
435 2749 557 2811 genitus.’
691 2761 751 2796 nern
763 2747 853 2810 genuit
863 2762 908 2798 cor
928 2763 973 2798 ore
982 2748 1119 2808 infirmnm,
1127 2749 1171 2812 qui
1182 2763 1216 2798 ex

152 2828 240 2874 'Nora
251 2823 396 2887 Plisthenis]
412 2825 551 2874 Plisthenis
572 2813 649 2873 stiam
688 2821 815 2886 Eriphyle
836 2822 893 2886 Aga
921 2837 1053 2872 emnonanr
1077 2831 1105 2874 et
1126 2825 1217 2874 Mene·

114 2903 187 2954 filios
198 2900 265 2950 fucit
277 2899 462 2962 Apollodorus,
474 2899 586 2949 etmulti
597 2899 649 2948 alii.
689 2897 756 2946 laum
766 2903 796 2956 ,et
807 2897 960 2948 Anaxibium
979 2899 1071 2950 liberos
1090 2901 1216 2964 suscepit.

115 2976 231 3028 Hesiod.
248 2975 363 3038 AEschyl.
389 2971 560 3036 Porphyrius.
575 2974 647 3023 Serv.
687 2972 791 3036 anque
807 2971 892 3022 Atreu
907 2973 977 3036 patri
996 2989 1047 3024 soc·
1056 2975 1158 3037 juvenis
1171 2975 1216 3024 ad·

116 3053 179 3102 AEn.
194 3066 218 3104 r.
240 3050 357 3109 Atridas,
379 3049 472 3113 inquit,
495 3053 647 3111 usurpatum
687 3047 994 3110 nuemortensrettqort:
1018 3049 1116 3096 Tamen
1128 3050 1214 3098 nescio

118 3135 171 3186 est,
181 3141 240 3176 nam
252 3124 391 3175 Plisthenis
404 3124 450 3172 filii
467 3121 572 3172 fuerunt
582 3123 649 3185 Aga·
688 3121 757 3170 uude
777 3121 893 3170 Cleolam
911 3121 1001 3177 Atreo,
1019 3128 1047 3171 et
1068 3123 1216 3186 Eriphylam
1301 3161 1306 3168 .

118 3215 241 3251 memnon
253 3205 280 3248 et
289 3197 433 3247 Menelaus.
457 3197 555 3245 Tamen
566 3197 648 3258 major
689 3191 817 3248 Plisthenl
828 3203 922 3259 nuptus
934 3196 1007 3246 dicit.
1039 3221 1041 3226 ·

119 3289 243 3325 numerus
252 3273 389 3336 ecrnrnqui
397 3272 471 3320 Atrei
477 3271 543 3320 lilios
552 3271 649 3320 dicant.
722 3273 731 3302 ⁸
741 3269 836 3332 maguti
846 3274 889 3334 p'ro
897 3271 1000 3321 nominis
1006 3268 1152 3332 celebritate]
1164 3271 1217 3322 Pro

121 3353 155 3400 In
167 3351 198 3400 iis
217 3354 367 3398 constanter
384 3345 462 3395 Horu.
479 3345 555 3396 iliad.
576 3359 606 3396 ιι.
622 3351 651 3395 et
691 3348 762 3412 cujus
781 3349 891 3398 nominis
910 3349 1073 3412 celebritate,
1091 3364 1123 3399 nn
1145 3350 1217 3414 cujus

19 3437 20 3456 ³
122 3427 220 3490 odyss.
233 3439 272 3474 ru.
692 3437 755 3487 opes
767 3423 955 3486 dividebantur,
964 3438 995 3473 sn
1006 3425 1163 3488 singolorum
1174 3426 1218 3488 qni

155 3510 165 3534 ⁸
183 3502 252 3556 Quod
262 3514 315 3548 mm
328 3491 472 3560 Plisthenis]
488 3497 607 3546 Eustath·
619 3509 651 3546 ιι.
693 3511 736 3547 aas
752 3498 821 3547 inter
832 3514 859 3548 se
871 3499 1037 3550 dividebant?
1053 3501 1092 3549 ita
1108 3493 1136 3546 ut
1148 3499 1219 3548 dicut

123 3578 159 3626 lt.
175 3573 237 3624 circi
254 3573 299 3635 μὲν
309 3572 370 3631 ἦσαν
385 3573 446 3622 κατὰ
455 3570 500 3631 μὲν
514 3571 543 3618 τὸ
554 3570 652 3630 σύνηθες
693 3573 798 3636 Dictys,
807 3574 974 3636 singulospro
983 3574 1022 3622 sui
1032 3572 1142 3620 nominis
1151 3573 1219 3620 eele-

29 3697 35 3707 ,
124 3649 237 3714 'Arpinus
252 3647 400 3710 euterpius
415 3645 559 3706 satiaret
573 3647 651 3695 Πέλν·
691 3649 787 3697 britate
804 3647 938 3710 magnifice
955 3661 1044 3710 prose
1065 3647 1219 3706 transegisse
1262 3701 1264 3706 ,

19 3765 20 3776 2
126 3720 653 3788 ποι·τῇδέἰιληθείᾳῐῐλεισθίνουε,ὥςφιισιν
693 3736 756 3784 rem,
775 3723 913 3786 pepigisse.
946 3720 1016 3769 Gall.
1033 3719 1098 3767 auoit
1107 3719 1160 3776 soit
1178 3733 1220 3768 ωλι

126 3803 197 3852 mor
210 3819 238 3848 re
254 3798 352 3859 πολλοὶ,
363 3797 401 3847 καὶ
417 3795 545 3858 Πνρφύρινε
561 3797 586 3843 ἐν
603 3798 654 3845 reis
692 3797 765 3858 porti.
799 3796 871 3844 Nihil
883 3793 951 3843 aliud
964 3793 1048 3840 video.

126 3877 251 3938 ζητήμασι.
277 3875 345 3924 Ἀλλ’
360 3873 439 3930 ἐπειδὴ
450 3873 593 3928 Πλεισθένης
604 3871 655 3920 νέος
727 3878 739 3902 “
766 3867 868 3928 Origine
891 3865 1003 3929 Europe]
1035 3866 1135 3914 Vellem
1161 3879 1221 3915 sane

127 3950 319 4017 reasvrri,2putiv
330 3947 470 4010 καταλήψει
481 3945 573 4006 μνήμης
584 3944 655 4004 ὕειον,
696 3949 921 3993 commemorasset
941 3940 1040 4003 aliquos
1058 3953 1098 3986 ex·
1111 3939 1142 3987 iis
1153 3952 1222 4003 ‚qnos

132 4027 178 4076 νέοι
186 4027 248 4078 κόνιν
258 4023 432 4090 tempestae
444 4019 606 4082 isb'arptas,
616 4021 657 4068 ab·
696 4031 729 4066 ex
752 4015 848 4078 origiue
872 4017 982 4076 Europa
1005 4014 1108 4062 Cretam
1127 4015 1162 4062 sit
1185 4016 1224 4064 in·

128 4103 171 4149 τοῦ
190 4105 270 4153 παῖδες
292 4099 436 4158 ἐκλήθησαν.
469 4095 534 4144 ‘lili
555 4093 657 4157 quidem
697 4087 835 4140 habitasse.
879 4091 984 4152 Europe
1008 4088 1074 4138 eninr
1100 4101 1132 4138 ex
1155 4089 1222 4139 Jove
