3052 4900
325 437 391 508 338
692 451 856 502 ornaris
881 450 1043 500 rearcrr

325 594 385 660 sed
410 600 529 670 tamen,
554 592 644 676 quod
670 593 909 676 Agamemnoni
936 595 1018 659 nihil
1040 607 1160 676 negare
1186 595 1309 676 possit,
1332 613 1409 658 curn

325 701 458 777 tempus
479 713 598 776 pugnas
614 696 874 776 supervenisset,
889 716 926 770 se
948 694 1071 761 milites
1085 713 1166 759 suos
1186 697 1364 760 missurum
1379 693 1410 755 :¹¹

324 796 437 878 ipsum
464 800 660 862 excusatum
687 795 821 860 haberet
846 797 938 880 quod
969 815 1007 859 se
1031 797 1209 860 abstineret
1235 813 1256 858 a
1281 793 1413 878 pugna.i

325 895 556 974 Agamemnon
579 895 610 958 ei
633 897 756 976 gratias
770 897 850 977 agit.
892 895 973 980 [33]
993 883 1146 979 Tempus
1162 916 1282 979 pugnae
1295 915 1413 977 snper·

326 994 436 1058 uenit:
457 995 591 1076 Trojani
612 997 793 1060 exercitum
806 996 961 1062 educunt.
1005 996 1130 1061 Contra
1151 995 1270 1076 Argivi
1290 995 1412 1077 prode·

327 1102 396 1159 unt.
439 1094 590 1160 Achilles
615 1095 865 1178 Myrmidonas⁸
888 1098 1031 1174 iustruit,
1060 1096 1103 1160 ad
1123 1095 1413 1176 Agamemnonem

325 1203 461 1278 paratos
476 1197 588 1262 mittit.
625 1197 682 1260 Fit
697 1217 811 1280 pugna
825 1199 950 1281 major:
967 1199 1088 1262 acriter
1099 1197 1247 1260 saevitur.
1277 1194 1412 1258 Truilns

327 1297 416 1360 euim
430 1297 465 1360 in
479 1299 589 1379 prima
604 1298 677 1362 acie
691 1298 837 1376 Argivos
859 1299 970 1375 caedit,
993 1297 1222 1380 Myrmidonas
1243 1295 1413 1379 persequi·

327 1403 400 1464 tur:
421 1399 674 1482 impressionem
694 1399 778 1464 facit
799 1402 833 1464 in
855 1409 984 1466 castra:
1006 1400 1128 1464 multos
1142 1398 1287 1462 occidit:
1309 1397 1413 1479 pluri-

326 1517 401 1564 mos
415 1499 558 1564 sauciat.
600 1498 694 1582 Ajax
704 1501 921 1567 Telamonius
936 1501 1080 1565 obstitit.
1114 1499 1413 1582 Trojanivictores

326 1599 362 1666 in
376 1600 537 1682 oppidum
550 1605 765 1664 revertuntur.
809 1601 950 1664 Postera
965 1600 1020 1663 die
1038 1599 1269 1680 Agamemnon
1284 1597 1414 1664 exerci-

327 1705 398 1764 tnrn
409 1699 539 1763 educit:
551 1717 665 1762 omnes
680 1699 785 1762 duces
799 1711 835 1762 et
849 1699 1078 1779 Myrmidones
1092 1699 1266 1781 prodeunt.
1289 1699 1320 1762 E
1332 1718 1413 1764 con·

325 1805 378 1862 tra
391 1796 527 1880 Trojani
540 1797 610 1862 laeti
624 1798 659 1860 in
674 1799 782 1860 aciem
798 1798 970 1880 prodeunt.
995 1799 1117 1862 Praelio
1131 1800 1308 1862 commisso
1320 1805 1413 1864 uter-

325 1916 391 1980 que
405 1899 575 1962 exercitus
600 1899 686 1962 inter
707 1917 746 1961 se
768 1898 944 1964 dimicant:
968 1901 1088 1963 acriter
1112 1920 1172 1982 per
1195 1900 1327 1982 aliquot
1341 1898 1413 1962 dies

326 2003 509 2080 pugnetur:
530 1999 636 2062 multa
653 1999 760 2063 millia
774 1999 942 2064 hominum
956 2019 1000 2062 ex
1012 2007 1152 2082 utraque
1173 2005 1265 2083 parto
1279 2000 1413 2064 cadunt.

326 2097 461 2162 Troilus
475 2097 703 2180 Myrmidonas
717 2100 939 2181 persequitur,
953 2102 1083 2178 sternit,
1099 2101 1203 2183 fugat.
1233 2098 1413 2183 Agamem·

326 2215 394 2262 uon
408 2204 445 2262 ut
459 2199 542 2263 vidit
563 2199 676 2282 plnres
699 2219 743 2264 ex
765 2219 829 2265 sna
847 2205 943 2283 parte
956 2201 1100 2278 occisos,
1123 2201 1276 2266 inducias
1291 2197 1412 2266 indies

326 2297 456 2378 triginta
477 2298 573 2382 petit,
588 2307 628 2364 ut
649 2319 733 2366 snos
754 2300 908 2365 funerare
921 2303 1043 2383 possit.
1088 2302 1242 2366 Priamus
1255 2300 1411 2364 inducias

328 2397 443 2478 dedit;
476 2420 557 2467 snos
586 2403 727 2485 quisque
754 2403 968 2485 sepeliendos
997 2408 1100 2468 curat.
1152 2402 1233 2484 [33]
1263 2402 1413 2483 Tempus

327 2517 449 2581 pugnes
479 2505 681 2583 supervenit.
716 2503 862 2585 Trojani
884 2505 1064 2569 exercitum
1090 2504 1244 2568 educunt.
1288 2501 1413 2565 Contra

329 2595 557 2678 Agamemnon
573 2620 685 2664 omnes
698 2603 803 2667 duces
824 2605 859 2668 in
881 2623 1024 2685 pugnam
1039 2605 1136 2685 cogit.
1175 2603 1304 2667 Praelio
1319 2621 1412 2666 com-

326 2698 428 2762 misso
453 2699 492 2762 tit
515 2719 633 2780 magna
655 2703 788 2767 caedes:
813 2705 931 2767 acriter
946 2705 1098 2768 saeriunt.
1143 2705 1328 2785 Postquam
1343 2704 1412 2784 pri·

328 2815 418 2862 mum
434 2805 563 2881 tempus
577 2801 642 2862 diei
657 2801 799 2879 transiit,
813 2803 971 2885 proditio
986 2798 1124 2885 praelio¹¹
1137 2803 1283 2881 Troilus,
1300 2803 1411 2878 caedit,

328 2900 516 2979 prosternit.
558 2899 676 2981 Argivi
690 2901 803 2984 sugam
818 2921 894 2966 cum
908 2903 1050 2966 clamore
1066 2903 1228 2967 fecerunt.
1258 2903 1413 2966 Achilles

328 3003 367 3058 ut
382 2997 467 3061 vidit
480 2999 628 3064 Troilum
643 3002 691 3067 ita
704 3004 837 3081 sarrire,
856 3011 890 3067 et
902 3003 1036 3086 Argivis
1056 3005 1226 3082 insultare,
1242 3005 1408 3085 simulque

328 3095 397 3159 sine
410 3096 648 3164 intermissione
664 3108 886 3184 prosternere,
901 3102 1044 3184 Argivos
1066 3105 1228 3180 laborare,
1254 3105 1413 3186 prosiluit

328 3195 361 3258 in
377 3196 512 3262 bellum.
555 3197 640 3266 Eum
665 3204 825 3268 continuo
851 3204 987 3269 Troilus
1012 3201 1188 3289 praecipit,¹
1213 3212 1249 3268 et
1272 3206 1411 3270 sauciat.

779 3398 927 3419 ΟΜΟΙΙΜ
930 3399 959 3418 u

361 3507 376 3550 8
392 3504 561 3570 Myrmidones,
572 3514 600 3556 et
613 3509 648 3558 sic
661 3511 766 3573 passim,
776 3514 871 3576 Delplr.

816 3687 922 3737 NOTAE

357 3783 718 3858 hSemilitaturosartistarum]
743 3796 848 3850 Exi-Io·
888 3813 938 3847 nou
958 3798 1103 3848 abstineat!
1129 3801 1185 3850 Liv.
1204 3795 1265 3854 νηί.
1285 3804 1413 3854 ‘Alexan-

328 3873 398 3912 mero
409 3863 577 3930 immutatum,
588 3869 657 3930 apud
669 3885 744 3933 quem
759 3872 848 3922 Achil·
887 3874 961 3924 dru'nr
983 3877 1097 3924 Romano
1119 3877 1186 3926 bello
1206 3877 1309 3928 fortuna
1331 3880 1414 3928 absti-

328 3936 847 4011 nequidempugnarereeumpedntyr·
886 3949 958 4000 nuit!
1166 3998 1171 4007 .

327 4011 441 4061 midonas
457 4030 515 4067 roos
531 4031 587 4066 curn
603 4019 726 4072 Patroclo
741 4024 768 4071 in
784 4038 847 4088 pag·
918 4023 1035 4074 ¹‘Prodit
1045 4027 1071 4074 ia
1078 4026 1171 4088 prelio]
1192 4028 1283 4077 Potius
1294 4031 1412 4082 seribere

326 4095 385 4134 uam
397 4088 485 4138 mittit.
774 4153 786 4162 ,Ἴ
887 4097 1012 4159 deheim
1021 4101 1202 4164 ‘inpralinm3'
1214 4109 1242 4153 nt
1251 4103 1327 4164 infra,
1336 4108 1344 4135 ⁶
1353 4123 1411 4170 pro·

363 4156 369 4188 ¹
384 4160 451 4212 Quod
461 4178 485 4212 re
495 4167 647 4219 abstineretur
663 4175 755 4236 pugno]
781 4177 846 4226 Bru·
888 4177 958 4226 siluit
966 4177 993 4226 in
1003 4176 1116 4226 bellum!

328 4235 367 4278 tus
385 4230 417 4277 ad
435 4233 566 4286 Atticum:
592 4242 646 4291 ‘Ut
661 4259 689 4292 ne
705 4249 847 4301 maledictis
921 4250 927 4284 ¹
952 4253 1079 4315 Pracipit]
1113 4253 1145 4303 ld
1166 4261 1215 4320 est,
1236 4263 1411 4321 preoccupat.
