3036 4918
280 201 337 298 'bd
553 245 632 295 rac.
656 242 850 294 ruurznuu
877 241 1124 294 nissuurarro

295 403 348 460 tur
368 395 481 478 potins
502 393 556 460 bic
582 395 676 460 incus
696 413 742 458 ex
763 411 807 459 eo
827 395 863 459 in
884 393 970 460 buno
991 413 1138 476 sensnm,
1159 401 1197 460 nt
1220 411 1283 460 rex
1307 413 1389 460 cum

294 495 453 571 Hecuba,
483 493 586 580 bnjns
622 495 766 574 hortatu,
798 493 968 560 Helenam
1002 496 1131 564 adierit.
1192 495 1386 578 Utrumque

239 598 244 612 '
292 599 379 664 cnim
401 599 459 664 ilie
479 601 527 666 ait
547 597 672 684 paritur
694 600 803 682 egisse
825 617 901 664 cum
919 599 1060 665 Belem.
1104 600 1195 666 Vide
1217 601 1391 664 oum120.

293 711 328 764 ct
343 701 415 766 121.

338 819 363 866 ι.
382 802 435 868 11.
460 801 625 887 ‘Ulysses
650 800 860 868 contestandi
874 801 980 886 magis
994 803 1114 884 gratia,
1136 821 1238 888 qnam
1253 803 1394 887 aliquid
1421 802 1427 814 '
1507 879 1508 882 Ἴ

293 922 336 968 ea
360 905 506 968 oratione
533 901 745 988 profuturus!
788 901 919 970 Nescio
945 903 1090 968 andoin
1112 923 1212 970 usum
1228 904 1392 987 Delphini

293 1003 420 1070 editum
448 1005 493 1070 sit
521 1002 776 1088 ‘promoturus’
828 1003 974 1088 Propius
1000 1013 1036 1070 et
1064 1005 1277 1088 probabilius
1305 1004 1392 1070 mibi

294 1104 426 1170 videtur
440 1108 450 1138 ⁶
463 1103 693 1188 proiecturus·¹
736 1101 794 1170 Sic
811 1103 944 1170 Hirtius
959 1105 1001 1170 Β.
1013 1104 1119 1172 Alex.
1135 1105 1188 1170 12.
1204 1109 1394 1189 ‘qnantum
1507 1093 1508 1096 ¹

293 1206 442 1288 parvulis
456 1206 600 1290 navigiis
613 1207 849 1290 profecissent,
867 1205 1074 1270 sentiebant?

337 1323 378 1372 rr.
392 1307 426 1374 9.
448 1307 667 1390 ‘lanamque
688 1313 883 1373 summoesto
897 1326 940 1373 ac
964 1308 1056 1374 luctu
1081 1307 1193 1374 obsito
1207 1303 1392 1392 Agamem-
1472 1381 1476 1389 ¹

293 1407 396 1472 noni!
440 1409 495 1474 lta
516 1407 639 1487 edidit,
652 1415 692 1473 ut
706 1409 796 1474 credi
811 1429 875 1492 par
891 1416 954 1486 est,
977 1429 1023 1474 ax
1046 1407 1131 1474 Mss.
1144 1409 1198 1474 val
1214 1409 1393 1476 Merccrus

293 1507 449 1592 primum,
463 1507 520 1574 uel
535 1507 738 1587 Obrecbtus,
752 1527 828 1575 cum
843 1509 921 1574 alim
940 1511 1014 1577 edd.
1029 1510 1153 1594 legant,
1171 1512 1225 1577 ‘is
1239 1531 1393 1598 namquo

294 1607 353 1674 diu
377 1613 502 1676 moesto
529 1609 620 1675 luctu
643 1611 753 1676 obsito
777 1609 908 1694 Apum!
952 1611 1025 1694 Ego
1048 1611 1230 1678 Msstorum
1245 1614 1394 1698 vestigia

295 1715 429 1778 secutus
453 1713 578 1790 malim,
601 1715 753 1778 ‘summe
771 1718 908 1790 moesto,
931 1732 973 1779 ac
997 1713 1089 1778 luctu
1115 1713 1227 1779 obsito
1254 1711 1393 1796 Agam!

295 1811 386 1878 Nam
415 1812 676 1880 ‘summoestus’
699 1833 765 1880 non
789 1819 914 1879 tantum
929 1812 1078 1879 insoleus
1100 1821 1155 1878 est
1168 1813 1391 1892 venabulum,

295 1912 354 1976 sed
370 1919 405 1978 et
421 1933 443 1978 a
457 1933 589 1981 summo
611 1933 725 1982 revera
738 1914 999 1998 Agamemnonis
1021 1917 1117 1983 luctu
1138 1915 1295 1995 alienum,
1310 1933 1394 1980 oum

295 2014 416 2080 rocula
428 2019 439 2050 ‘
453 2015 537 2080 snb’
563 2017 597 2081 in
612 2017 806 2100 compositis
824 2019 972 2084 minuare
986 2017 1096 2085 soleat
1110 2017 1394 2100 significationem

294 2115 508 2200 simplicium.
552 2115 732 2182 ‘Summe'
761 2124 874 2184 autom
901 2120 1063 2184 usitatum
1091 2117 1194 2181 otiam
1223 2115 1392 2184 classicis

295 2222 346 2282 est
373 2219 576 2284 auctoribus.
619 2217 690 2283 Cic.
713 2215 811 2282 Fam·
838 2235 890 2279 ιν.
912 2219 945 2280 3.
967 2214 1138 2278 ‘omnium
1160 2215 1393 2284 doctrinarum

296 2331 426 2379 summe
455 2315 651 2380 studiosus?
694 2315 739 2378 Et
758 2331 808 2377 lv.
827 2315 861 2378 7.
885 2319 1032 2378 ‘summe
1055 2312 1228 2382 diffidere.’
1272 2319 1397 2386 Plaut.
1436 2323 1441 2330 '

295 2411 400 2477 Milit.
416 2427 466 2478 ru.
482 2416 513 2478 4.
528 2414 583 2478 29.
605 2413 765 2476 ‘Summe
779 2411 942 2496 cupiens?

339 2529 380 2578 ιι.
395 2514 447 2580 13.
461 2509 765 2580 ‘Ma'oandriomm’
789 2521 800 2540 ’·
808 2513 955 2586 Videtur
967 2532 1057 2580 sane
1066 2513 1239 2598 legendum
1251 2517 1263 2549 ⁴
1273 2507 1379 2584 Neon

296 2613 467 2683 drictum!
501 2615 627 2684 Forsan
643 2618 743 2682 etiam
758 2613 862 2703 paulo
881 2621 960 2682 ante
986 2614 1303 2682 ‘Neandrionsium’
1325 2637 1395 2700 pro

295 2723 306 2758 ‘
318 2718 595 2786 Meutnrcnsium!
639 2715 731 2786 Nam
750 2721 833 2786 nulli
846 2717 979 2786 fuerunt
993 2719 1029 2784 iu
1042 2716 1174 2783 Troade
1199 2716 1394 2797 Maeandrii,

295 2819 380 2884 nulli
396 2821 638 2884 Mentorenses.
679 2815 726 2882 Et
754 2820 859 2883 solam
885 2820 1082 2884 Neandrum
1104 2821 1221 2884 urbem
1243 2818 1394 2884 Troadis

295 2919 332 2982 in
360 2917 424 2982 bac
453 2915 561 3000 ¹Cygni
590 2915 731 2982 historia
758 2926 943 2982 memorant
969 2917 1116 2982 Malelas
1140 2929 1176 2983 at
1203 2919 1393 2986 Gedreuus.

297 3015 400 3096 Quod
415 3023 529 3084 autam
544 3015 707 3084 Neandrii
725 3017 781 3096 bic
807 3018 949 3085 ‘fideles
969 3025 1070 3102 atqua
1086 3020 1279 3088 amicissimi
1294 3019 1393 3088 Grae·
1509 3011 1510 3016 ’

298 3117 350 3183 cis
364 3119 408 3185 ad
422 3119 485 3186 hoc
500 3115 629 3204 tempus
644 3119 888 3204 permansisse'
913 3121 1077 3200 dicuntur,
1092 3119 1128 3185 id
1141 3120 1392 3206 intelligendum

296 3227 378 3285 tnnc
400 3220 488 3286 soret
508 3221 553 3284 ab
571 3240 612 3284 ao
639 3227 786 3305 tempore
799 3242 922 3306 usque,
945 3241 1013 3320 qpo
1037 3242 1074 3286 se
1096 3219 1230 3287 Granis
1252 3222 1391 3288 dedide-

296 3325 396 3385 runt*
425 3319 469 3383 Et
483 3319 638 3385 videntur
652 3321 705 3386 his
720 3322 835 3386 vorbis
856 3321 981 3406 respici
1002 3324 1085 3388 s'aue
1107 3323 1292 3406 superiora,
1307 3329 1317 3356 ‘
1331 3323 1391 3388 Ci-

296 3420 436 3486 vitatem
452 3419 634 3497 innoxiam,
649 3427 684 3485 et
704 3420 807 3502 paulo
823 3428 900 3504 post
915 3439 1035 3492 rriuau
1051 3422 1143 3490 sibi!
1189 3422 1295 3488 Paulo
1311 3431 1390 3488 ante

294 3519 386 3590 tilios
409 3519 515 3604 Cygni
534 3518 699 3586 -‘Coben’
725 3527 761 3586 et
789 3521 1015 3602 ‘UCooarcum’
1048 3524 1213 3594 nominat-
1229 3524 1390 3604 Malaios,
1458 3600 1460 3605 ,

293 3621 400 3690 filiam
414 3639 492 3700 vero
507 3640 604 3707 aeque
616 3641 660 3690 ac
676 3622 801 3688 Noster
815 3621 983 3688 Glaucen.

340 3741 384 3792 ιι.
398 3725 452 3792 15.
472 3722 551 3790 ‘Ob
569 3743 713 3790 amorem
725 3724 822 3795 ducis
837 3724 873 3788 in
888 3723 1095 3790 exercitum!
1135 3725 1227 3806 Lego
1240 3727 1391 3808 omniuo,

230 3895 233 3905 ,
297 3822 487 3903 ‘exercitu'
509 3829 548 3890 ut
559 3825 663 3909 paulo
678 3831 756 3890 ante
767 3824 810 3890 de
823 3823 951 3902 eodem,
973 3825 1043 3890 ‘vir
1056 3825 1202 3909 optimus
1214 3834 1388 3915 acceptus·

72 3999 75 4006 ,
207 3963 212 3974 1
297 3944 363 4007 ¹que
375 3927 410 3991 in
422 3925 663 4006 exercim,'ubi
677 3925 765 3992 male
776 3927 895 3993 ataine
909 3926 1237 4010 causaViudingius,
1254 3932 1392 4010 ‘aceep-

298 4031 419 4108 tnsquo
439 4028 599 4096 exercitui
609 4027 627 4094 ε’
649 4035 779 4096 sumet
801 4029 888 4096 inira
909 4050 940 4098 c.
962 4029 1014 4095 29.
1035 4027 1080 4094 de
1109 4029 1225 4097 eodem
1248 4028 1394 4106 dicatur,
