3036 4918
438 889 533 978 AD
584 891 972 987 LECTOREM.

161 1341 380 1436 Posrounn
398 1362 438 1426 1..
453 1359 599 1437 Florum,
614 1362 646 1424 in
672 1381 769 1425 usum
789 1362 1035 1426 Sennnrssrnr
1052 1361 1243 1426 Deurrrrrrr

1 1496 5 1525 t
160 1460 263 1536 edidi,
280 1461 412 1537 Lector,
428 1462 565 1544 Dictym
583 1460 773 1526 Cretensem
789 1463 936 1527 debello
951 1462 1098 1546 Trojano
1114 1460 1246 1557 aggredi

5 1600 10 1627 ι
69 1567 73 1579 ’
155 1561 258 1662 jussa
269 1580 353 1624 sum.
398 1562 525 1627 Notum
542 1568 595 1626 est
607 1582 683 1626 eum
699 1565 798 1646 vulgo
809 1564 1061 1647 supposititium
1074 1563 1174 1640 credi,
1187 1561 1246 1626 scd

53 1685 58 1700 ·
159 1679 215 1723 res
230 1661 357 1726 credita
380 1669 506 1727 tentum
529 1671 563 1727 et
587 1684 607 1728 a
626 1666 756 1728 nemine
772 1665 878 1728 adhuc
895 1667 1043 1747 probata.
1087 1662 1199 1740 Quare
1211 1661 1247 1724 id

71 1769 74 1780 '
160 1755 198 1824 in
212 1763 328 1844 primis
342 1765 423 1827 milri
438 1766 644 1848 probandum
652 1767 781 1848 putavi,
797 1765 886 1828 otiis
901 1765 1110 1845 argumentis
1125 1763 1248 1844 quibus

0 1906 1 1931 r
79 1884 81 1892 ’
161 1861 250 1926 fides
279 1863 428 1945 derogari
453 1884 518 1928 non
544 1875 668 1948 posset,
690 1866 944 1948 pervinceudum
965 1864 1084 1927 falsum
1109 1862 1248 1944 Dictym

80 1997 81 2000 ¹
161 1981 238 2026 esse
262 1961 358 2026 hunc.
411 1963 511 2044 Goepi
539 1967 652 2046 itaque
677 1972 832 2028 accurate
855 1983 921 2027 rem
948 1962 1114 2046 persequi,
1139 1979 1247 2043 caque

81 2119 82 2125 ,
162 2064 274 2128 omnia
289 2064 458 2144 colligere,
474 2084 552 2146 quae
572 2065 643 2148 jam
659 2065 738 2129 olim
759 2066 843 2128 bene
859 2065 961 2127 multa
975 2063 1031 2125 hio
1046 2061 1247 2126 animadver-

163 2171 300 2228 terame
316 2166 497 2242 veteribus,
513 2167 567 2228 vel
580 2167 756 2230 immutata
778 2167 831 2228 vel
851 2164 1059 2237 adumbrate,
1074 2168 1174 2243 atque
1189 2160 1248 2238 ita,

77 2274 83 2302 '·
164 2265 254 2346 quod
279 2265 387 2346 prima
415 2266 522 2330 fronte
549 2265 630 2328 mihi
666 2284 731 2327 non
759 2265 892 2346 exiguae
921 2263 1020 2326 molis
1053 2281 1129 2324 esse
1158 2261 1250 2324 vide·

163 2365 269 2440 batur,
285 2365 396 2429 sontes
421 2365 487 2428 lere
516 2385 646 2442 omnes,
668 2365 756 2428 unde
778 2383 841 2426 sua
860 2363 975 2426 hausit
999 2362 1048 2424 sio
1073 2367 1197 2437 noster,
1212 2368 1250 2423 ut
1297 2381 1303 2388 ’

164 2464 333 2528 historiam
350 2485 446 2528 suam
461 2467 685 2542 concinnaret,
701 2467 830 2549 aperui·
887 2464 1008 2527 Hebes
1030 2462 1141 2543 igitur,
1167 2461 1250 2524 Lec-

43 2581 50 2596 ·
80 2605 83 2614 .
164 2571 226 2641 tor,
242 2565 505 2649 Pseudodictym
529 2567 735 2643 historicum,
752 2566 810 2630 sed
827 2565 938 2628 utilem
954 2571 1064 2628 tumen
1087 2569 1121 2625 et
1142 2562 1251 2626 erudi·
1375 2611 1378 2615 Α

164 2673 248 2728 tum.
293 2667 330 2728 Is
362 2685 442 2728 sane
468 2675 595 2728 veteres
617 2686 733 2728 omnes
757 2667 934 2744 scriptores
960 2662 1001 2724 de
1035 2660 1251 2742 expeditione

7 2818 12 2846 ,
59 2781 81 2846 ¹,
166 2767 375 2838 Graecorum,
391 2765 500 2844 deque
529 2783 639 2826 eorum
667 2764 785 2837 reditu,
813 2762 983 2842 diligenter
1011 2761 1184 2841 pervolvit,
1207 2762 1252 2824 ex

166 2886 285 2931 eorum
300 2864 565 2945 discrepantibus
587 2865 747 2928 interdum
769 2863 938 2926 sententiis
954 2880 1013 2924 eas
1036 2861 1164 2942 saepius
1184 2860 1252 2924 ele-

61 2981 64 2993 ·
167 2966 225 3049 git,
241 2984 315 3048 quae
332 2984 353 3027 a
375 2964 525 3046 pluribus
539 2968 573 3027 et
587 2984 607 3027 a
621 2964 827 3045 gravioribus
842 2961 1024 3025 traduntur.
1041 2969 1048 2983 ⁸
1068 2961 1104 3023 Is
1118 2959 1252 3044 poetica

168 3069 279 3131 omnia
292 3065 446 3148 figmenta
460 3067 613 3138 resecuit,
629 3066 680 3128 vel
695 3084 736 3128 ea
748 3065 789 3126 ad
801 3061 1059 3126 historiae-iidem
1071 3061 1119 3122 sic
1135 3061 1251 3125 immu-
1287 3053 1292 3058 ’

168 3169 263 3242 tavit,
287 3173 322 3229 ut
336 3166 418 3230 nihil
433 3174 549 3231 centra
564 3155 887 3229 verisimilitudinem
899 3169 1024 3244 peccet.
1070 3161 1251 3224 Homerum

168 3268 340 3351 praecipue
354 3269 515 3350 sequitur,
531 3287 631 3349 aquo
647 3275 758 3330 tamen
774 3265 899 3348 saepius
914 3263 1078 3337 dissentit,
1094 3269 1131 3324 ut
1146 3261 1198 3324 vel
1212 3260 1253 3324 de

168 3377 317 3451 ternpore
328 3369 405 3449 ipso
420 3367 655 3448 expeditionis
700 3368 869 3430 Homerus
891 3366 1025 3447 quippe,
1040 3369 1073 3426 et
1086 3367 1253 3452 posterum

62 3485 65 3498 ·
169 3471 227 3533 ulii
242 3471 325 3534 bene
344 3470 452 3546 multi,
472 3475 561 3532 totos
585 3469 701 3550 viginti
725 3487 827 3532 annos
852 3466 928 3529 huic
949 3466 1112 3529 insumtos
1127 3463 1252 3538 dicunt,

70 3626 74 3654 ,
170 3589 290 3652 nempe
314 3571 506 3635 decennium
516 3660 518 3665 .
530 3570 691 3635 exercitui
716 3568 914 3650 colligendo,
930 3572 962 3629 ct
977 3565 1118 3629 alterum
1133 3563 1258 3627 decen-¹

67 3717 73 3730 .
170 3671 260 3734 nium
275 3669 317 3733 ad
332 3670 471 3753 'frojam
493 3671 661 3746 bellando,
676 3673 726 3733 ita
740 3671 824 3732 enirn
840 3667 1022 3750 apudeum
1039 3664 1187 3728 Helena.

335 3767 413 3846 ”Hirr
427 3775 486 3855 γὰρ
502 3777 546 3834 νῦν
559 3797 606 3850 μοι
616 3771 683 3840 τόδε,
692 3773 815 3844 elueret,
830 3767 888 3842 ἔτος
900 3768 985 3844 ἐστὶν,

342 3869 397 3945 Ἐξ
408 3868 438 3931 οὗ
449 3872 531 3933 κεῖθεν
545 3871 620 3950 ἔβην,
636 3873 683 3934 καὶ
700 3873 765 3952 ἐμῆς
778 3867 940 3946 ἀπελήλυθα
956 3865 1072 3950 πάτρης.

342 3987 366 4050 J
367 4007 420 4050 um
432 3991 517 4051 enim
532 4008 618 4053 nuno
634 3989 713 4052 mihi
721 3988 903 4068 vigesimus
919 4001 1024 4046 annus
1040 3989 1103 4055 est,

342 4087 476 4170 Exque
492 4090 554 4153 huc
571 4091 645 4155 veni
661 4097 694 4154 et
710 4109 733 4154 a
744 4109 816 4152 mea
830 4085 972 4151 discessi
987 4083 1104 4166 patria.
