3052 4900
397 307 445 354 na
470 305 598 356 axem.
621 305 746 356 raons
771 310 918 360 rrrsron.
1131 295 1195 362 828

111 451 216 522 catur,
228 451 261 509 et
273 447 368 528 parvi
380 448 490 512 facere
505 447 602 530 enjus
617 445 652 510 id
664 465 730 530 ope
745 448 813 513 fiat.
840 451 863 514 J
867 451 946 515 ubet
956 453 1076 534 dicere,
1094 453 1195 520 sicui

112 546 191 628 quid
206 547 366 633 placeat..
393 547 594 611 Palamedes
609 548 771 630 procedit,
794 567 891 612 suum
904 550 1066 630 ingenium
1082 562 1196 620 osten·

112 646 169 710 dit.
214 647 333 730 ltaque
348 646 465 730 Argivi
480 649 654 730 imperium
669 649 701 712 ei
716 649 869 714 tradunt·⁰
911 649 1109 722 Palamedes
1132 656 1195 721 Ar·

112 747 195 828 giris
207 750 330 830 gratias
345 750 424 831 agit,
446 749 620 831 imperium
635 750 771 832 accipit,
786 750 1006 814 administrat.
1050 749 1196 822 Achilles

112 847 274 931 vituperat
295 850 426 932 imperii
453 851 759 914 commutationem.
803 849 884 929 [aa]
906 850 1039 914 Interea
1054 850 1196 918 inducite

113 953 261 1011 exeunte
304 949 506 1013 Palamedes
522 955 671 1013 ornatum
687 955 904 1033 paratumque
919 950 1101 1014 exercitum
1120 950 1198 1014 edu-

116 1049 171 1125 cit,
185 1049 325 1126 instruit,
339 1049 502 1113 hortatur.
548 1048 675 1113 Contra
688 1050 774 1113 idem
789 1051 871 1114 facit
885 1050 1079 1133 Deiphobus
1093 1071 1101 1114 ε
1118 1053 1199 1134 pug-

112 1149 336 1212 naturacriter
350 1147 548 1230 aTrojanis.
593 1147 769 1231 Sarpedon
792 1149 918 1232 Lycius
942 1169 1016 1214 cum
1041 1152 1113 1215 suis
1137 1153 1197 1216 im·

114 1249 319 1333 pressionem
334 1249 369 1311 in
384 1246 528 1327 Argivos
543 1247 638 1322 facit,
654 1247 767 1324 caedit,
787 1251 964 1330 prosternit
977 1251 1113 1314 multos.
1158 1253 1199 1316 Ei

111 1350 232 1413 obvius
247 1349 286 1412 nr
299 1348 518 1430 Tlepolemus
533 1346 689 1410 Rhodius
703 1357 733 1408 :q
754 1348 816 1413 sed
833 1349 890 1412 diu
915 1351 1034 1413 stando
1057 1358 1092 1416 et
1117 1371 1199 1436 pug-

109 1449 221 1512 nando
237 1449 324 1512 male
335 1448 547 1512 vulneratusr
562 1447 670 1511 cadit.
717 1448 876 1512 Succedit
891 1448 1011 1514 Perses
1025 1449 1198 1517 Admestae

108 1549 223 1627 tilius,s
245 1550 398 1631 praelium
413 1549 575 1614 restituit:
599 1549 725 1632 diuque
741 1569 817 1613 eum
840 1549 1034 1633 Sarpedone
1050 1554 1222 1616 cominus·

12 1651 13 1718 ἴ
110 1649 286 1733 pugnando
310 1649 483 1714 occiditur.
528 1650 703 1731 Sarpedon
724 1669 860 1732 quoque
884 1652 1070 1716 multatus·
1093 1653 1199 1716 rediit.

110 1749 229 1831 Itaque
253 1769 310 1832 per
333 1750 459 1832 aliquot
481 1749 692 1838 diespraelia
713 1749 807 1812 fiunt.
854 1747 1028 1831 Utrimque
1042 1751 1198 1816 ductores

111 1849 316 1926 occiduntur,
332 1849 391 1913 sed
406 1850 518 1930 plures
534 1867 552 1911 a
570 1849 717 1912 Priamo.
757 1849 896 1931 Trojani
911 1851 1049 1913 mittunt
1063 1850 1199 1931 legatos,

109 1948 401 2034 induciaspetunt,
412 1956 448 2013 ut
461 1956 611 2013 mortuos
627 1949 803 2033 sepeliant,
817 1950 951 2013 saucios
962 1960 1089 2014 curent.
1132 1950 1199 2014 Pa·

109 2049 257 2140 iamedes
270 2048 550 2130 Agamemnonem
565 2050 710 2131 legatum
724 2049 842 2114 mittitt
865 2050 908 2113 ad
922 2049 1106 2114 Thesides:
1130 2051 1199 2114 De·

110 2147 345 2232 mophoontem
373 2155 405 2214 et
434 2147 680 2224 Athamantem,
706 2167 795 2230 qnos
820 2150 948 2230 legatos
973 2148 1200 2231 Agamemnon

108 2247 317 2330 praefecerat,
330 2258 370 2313 ut
392 2259 599 2314 commeatus
617 2255 860 2332 compararent,
886 2255 919 2314 et
940 2250 1136 2313 frumentum
1156 2248 1198 2312 de

111 2347 226 2430 Mysia
240 2367 260 2412 a
276 2350 426 2434 Telepho
442 2355 618 2432 acceptum
635 2355 879 2432 supportarent.
916 2349 964 2413 Ut
977 2369 1019 2414 co
1034 2349 1134 2427 venit,
1149 2367 1199 2413 se·
1251 2367 1260 2394 ·-
1315 2369 1316 2372 “

569 2511 747 2535 ΜΝΜΟ

113 2587 115 2592 ,
142 2606 158 2636 '
174 2607 217 2658 Sic
228 2607 288 2657 edd.
299 2623 362 2672 quas
373 2609 531 2674 inspeximus
542 2627 550 2662 a
568 2588 790 2662 ssdscrlhendunt
801 2609 920 2659 multost.

602 2747 722 2798 norm.

140 2855 153 2878 ⁰
170 2845 255 2908 Itaque
265 2845 354 2906 Argiui
362 2844 485 2906 imparium
495 2844 518 2892 ei
530 2842 639 2905 madum]
676 2842 833 2894 veneratus

68 2931 72 2940 ’
109 2921 142 2970 Id
161 2927 253 2970 contra
272 2932 359 2968 veram
379 2917 532 2969 sententiam
555 2919 637 2971 Dares
708 2913 1032 2981 ‘Peraesddosertaefiliual
1052 2913 1202 2979 Sedqaupra,

110 2995 223 3057 scripsit.
246 2992 298 3044 Sed
310 2991 464 3053 dehocjam
476 2992 556 3040 multa
568 2989 637 3054 apud
676 2993 784 3042 Persem
796 2991 922 3056 quendam
941 2991 1085 3040 Memnonis
1097 2990 1202 3049 aonium,

111 3068 221 3131 Dictys.
675 3067 803 3116 intereos
823 3065 1043 3130 quiTrojanornm
1060 3069 1147 3125 partes
1163 3075 1202 3112 se·

143 3140 382 3204 armunensem]
401 3140 637 3191 NesoiosnIatlns
677 3139 822 3204 qnabantur
851 3138 1048 3189 annumerasita
1074 3137 1202 3201 quomodo

112 3217 163 3264 dici
188 3217 276 3279 possit,
299 3215 430 3264 ‘induciae
454 3215 569 3276 exeunt:
592 3229 637 3278 pro
677 3216 757 3276 igitur
776 3215 818 3264 hie
836 3216 939 3277 ineptus
961 3213 1070 3276 scriptur
1088 3227 1146 3262 eum
1165 3213 1203 3262 ait

112 3293 120 3320 ‘
130 3291 239 3342 induciae
249 3291 373 3341 finiuntur
383 3291 400 3340 τ’
417 3305 500 3355 neque
512 3292 578 3340 enim
589 3291 639 3344 La.
678 3290 820 3352 Tlepolemi
831 3290 900 3341 vices
912 3289 1055 3353 suscepisse
1070 3293 1097 3337 et
1113 3294 1203 3338 eontra

113 3366 166 3415 tine
177 3367 298 3426 dicerem,
311 3367 382 3414 ‘exit
392 3364 463 3414 dias’
475 3379 521 3428 pro
533 3364 639 3429 eoquod
678 3367 853 3431 Sarpedonem
866 3367 1012 3428 pugnasse?
1040 3365 1119 3414 Nulla
1130 3371 1203 3414 certe

113 3441 229 3490 Catullus
239 3442 314 3502 dixit,
325 3441 397 3489 ‘abit
407 3439 480 3488 dies!
680 3433 782 3504 pagina,
793 3441 837 3490 nbi
848 3453 898 3489 non
910 3440 1016 3489 Daretis
1023 3438 1150 3503 judicium
1162 3453 1203 3488 re·

145 3521 157 3556 ‘¹
174 3514 206 3562 Ei
219 3516 298 3564 cheiras
306 3516 343 3580 fit
359 3516 501 3578 Tlepolemus
519 3512 639 3577 Rhodias]
677 3515 773 3580 quinus.

114 3589 229 3638 Mutavit
241 3589 639 3651 exHom.lliad.E.'raaadaepos
708 3593 717 3626 t
734 3593 870 3651 Palamedes
884 3589 1081 3652 Agamemnonem
1099 3591 1213 3652 legatum,

112 3665 132 3710 δ’
150 3665 312 3730 Ἡρακλείδην,
322 3664 367 3724 ἠΰν
378 3683 405 3714 τε
420 3665 497 3725 μέγαν
507 3665 639 3729 τε,Ὦρσεν
677 3666 764 3728 mittit]
790 3667 885 3714 Rerum
904 3665 1089 3713 vicissitudines
1100 3655 1215 3722 mirare,'

113 3739 149 3788 ἐπ’
170 3739 267 3802 ἀντιθέῳ
287 3741 416 3804 Σαρπηδόνι
442 3743 511 3804 μοῖρα
531 3742 637 3804 sperator.
677 3743 768 3790 lector.
789 3739 878 3786 ‘Hinc
890 3739 989 3800 apicem
1001 3751 1081 3798 rapax
1091 3737 1203 3786 Fortuna

112 3815 306 3879 ‘Tlepolemum
323 3831 382 3865 vero
395 3814 569 3875 Heraclidem,
587 3815 637 3862 ior·
677 3827 734 3862 eum
751 3812 859 3868 stridore
876 3817 952 3859 acuto
967 3810 1087 3872 Sustulit,
1103 3809 1145 3862 hic
1157 3823 1201 3872 po·

114 3897 217 3954 temque
234 3905 412 3955 magnumque,
425 3889 531 3952 Impulit
547 3880 638 3937 adver·
676 3888 757 3937 ruisse
769 3883 880 3948 gandet.'
903 3883 1086 3946 Agamemnon,
1098 3885 1201 3933 immen-

112 3977 157 4013 sus
174 3963 287 4013 divinum
303 3965 477 4028 Sarpedonem
488 3960 569 4011 iatum
585 3960 637 4010 sio·
678 3963 700 4010 si
711 3960 840 4008 exereitus
851 3957 927 4007 modo
941 3953 1074 4020 rex,'uunc
1086 3959 1202 4010 Palame-

113 4029 255 4086 lentum.''
677 4033 835 4097 dislegatus.
865 4032 964 4084 Osann
974 4037 1058 4084 mensi

146 4120 157 4148 ¹
173 4113 240 4163 Mula
250 4111 395 4174 valandus]
419 4112 452 4163 ld
466 4117 517 4174 eat,
528 4109 638 4162 maxima
