3028 4900
749 347 837 396 LUD.
860 347 971 396 surus

660 595 794 662 XXX.
839 597 1059 666 ULYSSFS.

693 764 773 829 Lrs.
789 780 840 828 vr.
861 762 950 830 Car.
966 767 1018 829 16.

356 929 366 959 ‘
383 925 539 1011 Ulysses,
553 927 741 993 vulneratus
757 930 799 995 ab
812 949 875 1032 eo,
897 948 997 1013 quem
1011 927 1145 992 minime
1158 927 1356 1008 crediderat,

622 1028 732 1093 triduo
747 1035 974 1112 postmortem
988 1026 1096 1094 obiit!

355 1175 529 1242 Unrssns
555 1195 616 1241 rex
637 1177 767 1244 ithacae
789 1177 1037 1261 insularumque
1062 1174 1286 1251 finitimarum,
1311 1173 1398 1238 lilius

313 1275 447 1342 lra'ertae
459 1283 493 1342 et
508 1275 685 1356 Anticlea,
696 1279 823 1362 conjux
838 1278 1040 1361 Penelopes,
1054 1282 1153 1360 pater
1167 1274 1369 1340 Telemachi.

355 1377 442 1442 Sunt
456 1385 568 1442 tamen
583 1379 674 1462 quie
693 1379 841 1462 Sisypho
861 1379 985 1442 mduut
1006 1383 1225 1458 conceptum
1246 1391 1398 1456 nempea
1507 1411 1509 1460 1

313 1495 380 1556 quo
394 1473 562 1554 Anticlea,
585 1495 663 1542 cnm
684 1478 857 1544 duceretur
872 1478 916 1543 ad
931 1476 1066 1542 Laiirtae
1082 1476 1231 1560 nuptias,
1245 1475 1314 1541 vim
1327 1475 1397 1540 fue

312 1582 492 1658 ratpassa.
536 1576 1128 1666 VideatnrOrid.xrrr.Metum.31.
1508 1643 1509 1648 ,

355 1675 437 1740 Erat
457 1683 573 1744 autem
598 1680 648 1743 vir
661 1679 794 1762 pollens
807 1679 978 1755 facundia,
1004 1677 1164 1761 prmditus
1179 1676 1398 1760 experientia,
1507 1699 1509 1724 ³

313 1776 405 1842 valer
418 1780 570 1858 consilio,
579 1781 731 1862 egregius
743 1780 846 1858 bello,
858 1780 994 1863 patiens
1009 1776 1172 1844 laborum.
1215 1775 1317 1841 Unde
1330 1776 1400 1860 pel-

311 1875 370 1940 lax
390 1877 546 1960 Virgilio,
567 1896 607 1943 ιι.
622 1879 754 1944 AEneid·
777 1881 833 1944 90.
857 1879 983 1964 duplex
1008 1877 1163 1956 Horatio,
1180 1893 1204 1940 ι.
1230 1875 1296 1940 0d.
1312 1876 1345 1941 6.
1366 1878 1398 1940 7.
1507 1923 1508 1928 ι

312 1976 427 2040 varius
450 1977 572 2056 Statio,
587 1997 629 2042 ιι.
653 1977 837 2046 Achilleid.
861 1981 922 2045 1⁷0
935 1977 1043 2046 fallax
1068 1977 1204 2056 Ovidio,
1220 1991 1307 2040 1111.
1331 1975 1403 2040 lile·
1507 1981 1508 2000 ¹

314 2079 391 2140 tam.
407 2076 483 2142 ⁷13.
498 2077 612 2143 audax
625 2079 774 2157 Tibullo,
791 2095 842 2142 rr.
856 2081 890 2142 l.
904 2069 987 2161 eleg.
1002 2077 1047 2143 ad
1062 2077 1259 2142 Meneclem.

355 2173 469 2259 HuJus
482 2180 614 2262 egregia
627 2179 671 2244 ad
691 2179 831 2262 Trojam
844 2179 986 2246 consilia
1000 2185 1034 2242 et
1053 2177 1245 2252 certamina,
1259 2174 1402 2256 denique

313 2282 347 2337 et
362 2281 441 2356 post
450 2296 599 2342 eversam
612 2281 727 2342 urbem
736 2296 863 2346 errores
877 2279 950 2360 ejus
964 2276 1168 2357 multiplices
1180 2274 1313 2358 longius
1328 2295 1405 2358 pro-

312 2381 497 2451 sequuntur
520 2375 697 2450 Homerus,
713 2377 748 2436 in
775 2373 818 2436 11.
833 2379 865 2435 et
893 2373 1015 2454 Odyss.
1037 2373 1194 2452 Ovidius,
1211 2391 1282 2442 xri.
1310 2391 1401 2446 xnr,

313 2475 415 2552 atque
431 2485 512 2533 xrv.
528 2469 670 2537 Metam.
681 2477 714 2537 et
728 2471 872 2535 strictim
886 2470 1057 2548 Tibullus,
1072 2488 1119 2535 ιν.
1134 2475 1163 2534 1.

355 2568 410 2634 Αιι
429 2577 539 2636 tamen
564 2591 722 2638 oceanum
743 2571 926 2648 intraverit,
948 2575 982 2634 et
1007 2577 1105 2634 extra
1129 2569 1220 2632 orbis
1242 2575 1407 2638 terrarum

313 2673 469 2756 antiquos
496 2673 619 2738 limites
648 2674 804 2742 erraverit
834 2672 990 2757 Ulysses,
1015 2671 1139 2754 grande
1166 2675 1219 2734 est
1254 2669 1406 2736 dubium.

313 2771 538 2836 Consulentur
561 2774 692 2851 Strabo,
710 2792 732 2837 ι.
749 2775 872 2858 Polyb.
888 2775 1027 2851 Seneca,
1041 2772 1093 2838 88.
1109 2771 1215 2854 Epist.
1232 2771 1404 2851 Stobaeus,

313 2871 462 2934 Sermon.
477 2871 512 2930 iu
528 2870 643 2934 Bionis
664 2875 804 2936 monito.

355 2964 443 3030 Haeo
459 2974 572 3032 nostra
586 2967 723 3054 Ulyssis
749 2973 879 3054 pictura
895 2972 1048 3038 desumto
1062 2990 1106 3036 ex
1126 2969 1255 3036 Abrah.
1273 2969 1404 3036 Gorlaei

314 3064 558 3160 Dactyliothec.
570 3069 648 3136 edit.
664 3074 780 3156 primae
796 3073 871 3138 176.
882 3071 1038 3138 Gemma.

635 3294 858 3371 TABULA
885 3293 1077 3370 SEXTA.

612 3471 767 3550 XXXI.
811 3469 1101 3537 LAOCOON.

707 3623 786 3688 Iun.
802 3639 837 3686 v.
859 3621 948 3687 Car.
962 3618 1016 3684 11.

232 3829 235 3838 .
313 3769 454 3852 ‘Itaque
476 3769 644 3838 destructa
665 3789 831 3837 murorum
855 3775 961 3852 parte,
984 3786 1061 3832 cum
1084 3769 1167 3851 joco
1193 3747 1400 3846 lasciviaque

354 3869 518 3934 induxere
532 3889 667 3952 equum,
688 3870 835 3942 foeminis
859 3871 943 3936 inter
963 3889 999 3934 se
1022 3876 1124 3951 atque
1149 3867 1229 3931 viris
1250 3865 1400 3929 certatim

325 4015 329 4024 .
356 3970 519 4034 attrahere
532 3970 790 4039 festinantibus?

354 4096 477 4163 Iurnrr
498 4104 722 4182 viros'tamen,
737 4122 859 4186 equum
870 4103 958 4167 intra
968 4100 1080 4164 urbem
1096 4113 1163 4161 non
1173 4090 1399 4176 recipiendum
