3036 4918
397 337 444 409 nn
465 336 645 386 rrrsronm
670 337 779 384 senor
804 337 976 387 suornm.
1175 327 1219 391 43

129 481 227 543 tiens
255 485 293 541 et
314 478 497 559 praedicens
520 477 663 553 Graecis,
677 497 881 560 monensque
896 483 934 542 ut
953 477 1095 559 ligneum
1121 479 1215 545 illum

131 580 269 662 Equum
292 585 478 642 exstruant:
508 577 694 642 Cassandra
716 577 957 657 Agamemnoni
979 590 1138 645 eventura
1158 582 1216 646 de·

130 679 285 744 claraus:
309 680 447 761 denique
462 677 628 761 Cyclopes
649 685 684 742 et
706 679 951 760 Laestrygones,
973 677 1166 762 Antiphates
1181 689 1216 746 et

129 779 373 862 Polyphemus,
390 779 526 842 Circeet
536 777 697 861 Calypso,
712 779 880 862 Penelope
891 799 967 842 cum
979 795 1080 842 xxx.
1093 783 1213 862 procis.

128 877 220 942 Haeo
235 878 442 942 omniasatis
465 897 630 958 superque
654 878 844 954 ostendunt,
869 884 1036 942 auctorem
1065 885 1213 944 nostrum

125 977 291 1042 hausisse¹
308 993 370 1043 sua
391 979 603 1060 potissimum
626 996 670 1039 ex
697 977 855 1054 Homero,
870 985 970 1060 atque
992 980 1068 1042 eliis
1089 980 1212 1062 poetis,

125 1079 220 1155 licet,
235 1080 345 1142 forsan
367 1084 404 1142 ut
416 1078 451 1140 id
467 1077 664 1154 dissimulet,
679 1098 770 1160 saepe
784 1078 870 1142 haud
893 1099 1011 1161 parurn
1027 1082 1212 1158 immutata,

124 1184 197 1242 tum
217 1198 294 1242 vero
310 1201 332 1243 a
346 1179 412 1242 fide
428 1179 601 1241 Historica
623 1177 778 1252 hominis,
792 1179 848 1261 qui
872 1183 969 1244 rebus
988 1184 1091 1262 gestis
1115 1183 1212 1246 inter·

121 1277 232 1356 fuerit,
249 1299 372 1361 easque
395 1277 602 1359 simpliciter,
625 1286 662 1342 ut
682 1287 787 1359 gestae
807 1288 911 1358 erant,
934 1283 1122 1358 narraverit,
1141 1281 1212 1346 lou-

122 1381 314 1458 gumablre.
374 1415 377 1422 ·

153 1493 264 1544 mxu.
288 1481 354 1544 Sed
370 1486 402 1545 et
414 1499 478 1544 suo
500 1480 575 1562 ipse
596 1479 720 1544 indicio
744 1482 970 1565 antiquitatem
990 1482 1092 1560 illam,
1108 1501 1209 1566 quum

114 1580 241 1661 jactat,
258 1581 478 1644 clarissimum
492 1583 526 1645 in
535 1583 667 1644 modum
677 1585 800 1664 passim
813 1583 942 1647 refellit.
965 1584 1045 1648 Huc
1060 1585 1209 1666 pertinet,

119 1682 215 1762 quod
230 1683 354 1763 ubique
369 1684 471 1745 etiam
494 1683 528 1744 in
542 1683 747 1746 orationibus
769 1682 965 1747 Graeoorum
980 1671 1024 1747 ad
1044 1685 1207 1766 Trojanos

117 1781 218 1864 (vide
235 1799 274 1843 11.
288 1783 342 1846 22.
358 1789 392 1845 ot
408 1798 464 1845 nr.
480 1783 533 1861 23.
549 1791 581 1846 et
604 1783 693 1866 apud
716 1781 874 1844 Malelam
890 1779 981 1863 158.)
996 1782 1096 1844 hosce
1117 1781 1208 1844 voci·

116 1887 175 1944 tat
198 1881 375 1958 Barbaros,
396 1903 500 1964 eoque
523 1886 651 1948 nomine
667 1881 799 1946 Graecis
822 1883 975 1964 opponit,
992 1899 1066 1943 cum
1084 1900 1125 1945 ea
1140 1899 1206 1944 vox

115 1980 180 2044 illo
196 1987 287 2044 certe
303 2001 401 2045 sensu
415 1990 493 2046 tuno
510 1983 670 2063 temporis
684 1982 828 2046 nondum
842 1980 943 2044 suerit
958 1981 991 2044 iu
1007 2000 1082 2045 usu.
1106 1981 1205 2046 Unde

115 2085 343 2148 observarunt
353 2084 429 2166 jam=
439 2083 516 2146 olim
532 2082 745 2166 Thucydides
762 2099 786 2143 r.
800 2082 833 2148 3.
848 2089 887 2147 'et
908 2083 1027 2146 Strabo
1050 2082 1108 2146 lib.
1124 2097 1204 2145 xiv.

115 2184 194 2248 661.
210 2187 269 2249 διο.
300 2205 342 2248 ne
363 2185 549 2247 Homerum
579 2183 723 2264 quidem,
754 2185 812 2265 qui
837 2189 930 2245 tento
960 2188 1108 2263 tempore
1130 2188 1207 2262 post

116 2286 221 2361 vixit,
235 2304 300 2348 non
315 2285 424 2350 dicum
434 2284 613 2367 Trojanos,
625 2283 685 2346 sed
699 2302 806 2364 neque
821 2282 912 2345 ullos
925 2281 1022 2358 alios,
1032 2281 1204 2363 appellare

116 2385 301 2462 Barbaros,
316 2391 443 2450 tantum
464 2386 567 2450 semel
581 2383 688 2448 Caras
706 2385 815 2448 dicere
843 2379 1090 2468 βαρβαροφώνους.
1134 2381 1203 2466 Op·

115 2485 243 2569 positio
259 2494 372 2551 autem
394 2487 515 2552 isfflaec'
525 2485 716 2550 Graecorum
732 2493 766 2548 et
793 2483 1011 2550 Barbamrum
1035 2483 1133 2566 longe
1148 2503 1202 2548 se-

116 2588 182 2650 rior
194 2587 270 2665 fuit,
290 2607 354 2650 non
369 2589 523 2668 Trojanis
539 2593 669 2647 tantum
682 2585 897 2662 temporibus,
914 2585 975 2645 sod
988 2591 1021 2647 et
1034 2586 1110 2663 ipso
1126 2584 1202 2646 Ho-

114 2705 218 2750 mero.
278 2686 400 2748 Strabo
414 2685 448 2746 d.
471 2685 492 2747 l.
508 2681 569 2742 εἶτα
584 2681 808 2763 κατεχρησᾶμεθ’
826 2689 859 2752 ὡς
876 2681 968 2762 ituraei
986 2685 1065 2762 κοινῷ
1080 2681 1203 2760 ὀνόματι,

114 2788 344 2869 ἁντιδιαιροῦπες
368 2777 434 2867 πρὶς
455 2788 503 2844 τοῦ
521 2779 678 2855 Ἕλληνας,
704 2785 713 2813 ‘
725 2786 844 2861 postea
865 2778 972 2841 abusi
985 2778 1117 2841 sumus'
1140 2779 1202 2844 hac

114 2886 244 2950 vocein
259 2885 361 2948 alium
376 2903 482 2961 usum,
499 2884 630 2946 seilicet
644 2890 681 2945 ut
695 2882 862 2945 Barbaros
876 2880 974 2962 quasi
990 2880 1201 2944 ‘communi'

113 2987 179 3050 hoo
205 2985 380 3049 ‘Gentium
409 2984 572 3048 vocabulo
601 2982 877 3064 distingueremus
904 2997 925 3042 a
952 2979 1121 3046 Graecis!¹
1147 2984 1199 3050 Ea

113 3094 226 3151 tamen
241 3107 316 3150 oum
331 3085 420 3168 apud
441 3092 586 3148 nostrum
600 3082 724 3164 Diotyn
746 3081 792 3142 sit
812 3079 1087 3158 frequentissima,
1102 3102 1199 3146 nemo

113 3208 177 3252 non
190 3187 292 3252 facile
313 3184 480 3266 intelligit,
501 3184 604 3248 luisse
617 3202 696 3264 ergo
721 3181 815 3244 illum
837 3178 989 3241 Homero
1003 3178 1101 3259 lenge
1115 3199 1199 3260 pos·
1216 3211 1218 3218 ¹

115 3289 277 3353 terioremz
1186 3339 1188 3344 .

156 3403 269 3450 xxvi.
292 3388 419 3451 Similis
435 3386 532 3468 pretii
562 3390 594 3448 et
614 3388 704 3448 notae
730 3390 794 3457 est,
822 3381 913 3464 quod
942 3380 1197 3448 ‘Thessaliam’
1223 3470 1227 3475 .

114 3495 276 3552 memorat
297 3505 345 3553 u1.
359 3489 391 3552 7.
405 3507 480 3551 oum
496 3487 557 3549 hoc
572 3481 690 3550 nornen
704 3505 745 3547 ne
770 3483 871 3547 fando
886 3481 1020 3563 quidem
1043 3483 1195 3546 auditum

111 3587 211 3651 luerit
230 3588 366 3672 Trojani
382 3588 459 3652 belli
475 3593 646 3670 tempores
680 3585 813 3649 Diserte
829 3581 982 3645 Velleius
998 3580 1194 3644 Paterculus

114 3705 137 3751 1.
153 3686 186 3749 3.
208 3690 438 3770 appellationis
453 3687 553 3770 hujus
569 3687 725 3766 originem
742 3683 786 3747 ad
801 3688 933 3763 tempus
945 3680 1088 3768 demum,
1101 3679 1194 3760 quod

107 3787 172 3851 fuit
197 3795 276 3870 pest
292 3788 428 3852 reditum
453 3787 706 3852 Heraclidarum
730 3785 765 3846 in
791 3783 1073 3862 Peloponnesum,
1086 3778 1195 3857 refert,

111 3896 301 3952 suntantea
322 3887 591 3972 ‘Myrmidonum
613 3881 751 3948 civitas’
773 3901 813 3944 ea
827 3881 981 3959 regio’et
1002 3877 1195 3957 geusfuerit

112 3989 291 4071 appellate.
322 3989 570 4072 vSubjioittunc
586 3982 750 4047 verbahie
765 3979 926 4042 notanda:
949 3975 1192 4052 ‘Quonomine
1215 4013 1218 4025 ·

112 4089 219 4155 mirari
233 4089 390 4157 convenit
404 4107 473 4166 eos,
489 4086 546 4170 qui
561 4084 668 4148 Iliaca
681 4083 919 4162 componentes
933 4084 1083 4158 tempora
1097 4077 1138 4144 de
1152 4099 1193 4146 ea
