<?xml version="1.0" encoding="UTF-8"?>
<!DOCTYPE html PUBLIC "-//W3C//DTD XHTML 1.0 Transitional//EN"
    "http://www.w3.org/TR/xhtml1/DTD/xhtml1-transitional.dtd">
<html xmlns="http://www.w3.org/1999/xhtml" xml:lang="en" lang="en">
 <head>
  <title>
</title>
<meta http-equiv="Content-Type" content="text/html;charset=utf-8" />
  <meta name='ocr-system' content='tesseract 3.04.00' />
  <meta name='ocr-capabilities' content='ocr_page ocr_carea ocr_par ocr_line ocrx_word'/>
</head>
<body>
  <div class='ocr_page' id='page_1' title='image "./dictyscretensis00smidgoog_0028.png"; bbox 0 0 3036 4918; ppageno 0'>
   <div class='ocr_carea' id='block_1_1' title="bbox 326 327 969 392">
    <p class='ocr_par' dir='ltr' id='par_1_1' title="bbox 326 327 969 392">
     <span class='ocr_line' id='line_1_1' title="bbox 326 327 969 392; baseline -0.008 0"><span class='ocrx_word' id='word_1_1' title='bbox 326 327 369 392; x_wconf 87' lang='lat'><strong>18</strong></span> <span class='ocrx_word' id='word_1_2' title='bbox 764 341 969 390; x_wconf 70' lang='lat' dir='ltr'><strong>susurrio.</strong></span> 
     </span>
    </p>
   </div>
   <div class='ocr_carea' id='block_1_2' title="bbox 325 463 1417 1468">
    <p class='ocr_par' dir='ltr' id='par_1_2' title="bbox 325 463 1417 1468">
     <span class='ocr_line' id='line_1_2' title="bbox 326 463 1411 566; baseline -0.002 -20"><span class='ocrx_word' id='word_1_3' title='bbox 326 501 424 565; x_wconf 84' lang='lat' dir='ltr'><strong>quem</strong></span> <span class='ocrx_word' id='word_1_4' title='bbox 441 463 575 564; x_wconf 69' lang='lat' dir='ltr'><strong>proedm,</strong></span> <span class='ocrx_word' id='word_1_5' title='bbox 591 482 651 547; x_wconf 89' lang='lat' dir='ltr'><strong>sed</strong></span> <span class='ocrx_word' id='word_1_6' title='bbox 675 482 778 548; x_wconf 86' lang='lat' dir='ltr'><strong>libros</strong></span> <span class='ocrx_word' id='word_1_7' title='bbox 793 501 839 547; x_wconf 81' lang='lat' dir='ltr'><strong>ex</strong></span> <span class='ocrx_word' id='word_1_8' title='bbox 855 483 1007 566; x_wconf 72' lang='lat' dir='ltr'><strong>philyrai</strong></span> <span class='ocrx_word' id='word_1_9' title='bbox 1028 485 1062 548; x_wconf 93' lang='lat' dir='ltr'><strong>in</strong></span> <span class='ocrx_word' id='word_1_10' title='bbox 1086 484 1193 548; x_wconf 89' lang='lat' dir='ltr'><strong>lucem</strong></span> <span class='ocrx_word' id='word_1_11' title='bbox 1210 482 1411 564; x_wconf 81' lang='lat' dir='ltr'>producturi.</span> 
     </span>
     <span class='ocr_line' id='line_1_3' title="bbox 325 581 1411 664; baseline 0.001 -17"><span class='ocrx_word' id='word_1_12' title='bbox 325 582 373 647; x_wconf 77' lang='lat' dir='ltr'><strong>At</strong></span> <span class='ocrx_word' id='word_1_13' title='bbox 392 584 451 646; x_wconf 89' lang='lat' dir='ltr'><strong>ubi</strong></span> <span class='ocrx_word' id='word_1_14' title='bbox 473 601 552 664; x_wconf 88' lang='lat' dir='ltr'><strong>spes</strong></span> <span class='ocrx_word' id='word_1_15' title='bbox 574 581 731 648; x_wconf 76' lang='lat' dir='ltr'><strong>frustrate</strong></span> <span class='ocrx_word' id='word_1_16' title='bbox 753 591 818 660; x_wconf 88' lang='lat' dir='ltr'><strong>est,</strong></span> <span class='ocrx_word' id='word_1_17' title='bbox 841 583 883 647; x_wconf 84' lang='lat' dir='ltr'><strong>ed</strong></span> <span class='ocrx_word' id='word_1_18' title='bbox 909 584 1066 648; x_wconf 68' lang='lat' dir='ltr'><strong>merms</strong></span> <span class='ocrx_word' id='word_1_19' title='bbox 1081 584 1248 647; x_wconf 90' lang='lat' dir='ltr'><strong>dominnm</strong></span> <span class='ocrx_word' id='word_1_20' title='bbox 1271 583 1339 648; x_wconf 92' lang='lat' dir='ltr'><strong>loci</strong></span> <span class='ocrx_word' id='word_1_21' title='bbox 1353 603 1411 648; x_wconf 88' lang='lat' dir='ltr'><strong>eos</strong></span> 
     </span>
     <span class='ocr_line' id='line_1_4' title="bbox 326 681 1411 762; baseline 0 -14"><span class='ocrx_word' id='word_1_22' title='bbox 326 683 486 749; x_wconf 83' lang='lat' dir='ltr'><strong>deferunt.</strong></span> <span class='ocrx_word' id='word_1_23' title='bbox 537 681 606 762; x_wconf 83' lang='lat' dir='ltr'><strong>Qui</strong></span> <span class='ocrx_word' id='word_1_24' title='bbox 633 690 853 748; x_wconf 78' lang='lat' dir='ltr'><strong>commutatos</strong></span> <span class='ocrx_word' id='word_1_25' title='bbox 882 685 989 748; x_wconf 88' lang='lat' dir='ltr'><strong>literis</strong></span> <span class='ocrx_word' id='word_1_26' title='bbox 1025 682 1174 760; x_wconf 77' lang='lat' dir='ltr'><strong>Atticis,&#39;</strong></span> <span class='ocrx_word' id='word_1_27' title='bbox 1202 703 1279 748; x_wconf 81' lang='lat' dir='ltr'><strong>nam</strong></span> <span class='ocrx_word' id='word_1_28' title='bbox 1309 687 1411 750; x_wconf 87' lang='lat' dir='ltr'><strong>orutio</strong></span> 
     </span>
     <span class='ocr_line' id='line_1_5' title="bbox 327 767 1413 868; baseline -0.002 -18"><span class='ocrx_word' id='word_1_29' title='bbox 327 785 450 850; x_wconf 84' lang='lat' dir='ltr'><strong>Grtecn</strong></span> <span class='ocrx_word' id='word_1_30' title='bbox 478 785 595 858; x_wconf 83' lang='lat' dir='ltr'><strong>iuerat,</strong></span> <span class='ocrx_word' id='word_1_31' title='bbox 624 782 754 847; x_wconf 79' lang='lat' dir='ltr'><strong>Neroni</strong></span> <span class='ocrx_word' id='word_1_32' title='bbox 778 781 934 846; x_wconf 76' lang='lat' dir='ltr'><strong>Romano</strong></span> <span class='ocrx_word' id='word_1_33' title='bbox 961 767 1087 848; x_wconf 73' lang='lat' dir='ltr'><strong>Caessri</strong></span> <span class='ocrx_word' id='word_1_34' title='bbox 1111 784 1243 862; x_wconf 89' lang='lat' dir='ltr'><strong>obtulit,</strong></span> <span class='ocrx_word' id='word_1_35' title='bbox 1267 803 1413 868; x_wconf 88' lang='lat' dir='ltr'><strong>proquo</strong></span> 
     </span>
     <span class='ocr_line' id='line_1_6' title="bbox 326 883 1414 968; baseline -0.001 -19"><span class='ocrx_word' id='word_1_36' title='bbox 326 885 477 968; x_wconf 81' lang='lat' dir='ltr'><strong>plurimis</strong></span> <span class='ocrx_word' id='word_1_37' title='bbox 501 886 543 948; x_wconf 80' lang='lat' dir='ltr'><strong>ab</strong></span> <span class='ocrx_word' id='word_1_38' title='bbox 566 903 608 948; x_wconf 89' lang='lat' dir='ltr'><strong>oo</strong></span> <span class='ocrx_word' id='word_1_39' title='bbox 623 883 765 946; x_wconf 84' lang='lat' dir='ltr'><strong>donatus</strong></span> <span class='ocrx_word' id='word_1_40' title='bbox 783 887 844 947; x_wconf 90' lang='lat' dir='ltr'><strong>est.</strong></span> <span class='ocrx_word' id='word_1_41' title='bbox 888 883 1000 949; x_wconf 86' lang='lat' dir='ltr'><strong>Nobis</strong></span> <span class='ocrx_word' id='word_1_42' title='bbox 1026 903 1102 948; x_wconf 93' lang='lat' dir='ltr'><strong>cum</strong></span> <span class='ocrx_word' id='word_1_43' title='bbox 1131 885 1165 948; x_wconf 90' lang='lat' dir='ltr'><strong>in</strong></span> <span class='ocrx_word' id='word_1_44' title='bbox 1186 903 1306 950; x_wconf 84' lang='lat' dir='ltr'><strong>munus</strong></span> <span class='ocrx_word' id='word_1_45' title='bbox 1330 884 1414 950; x_wconf 81' lang='lat' dir='ltr'><strong>sorte</strong></span> 
     </span>
     <span class='ocr_line' id='line_1_7' title="bbox 326 983 1416 1069; baseline 0 -19"><span class='ocrx_word' id='word_1_46' title='bbox 326 985 431 1050; x_wconf 79' lang='lat' dir='ltr'><strong>libelli</strong></span> <span class='ocrx_word' id='word_1_47' title='bbox 457 985 635 1060; x_wconf 85' lang='lat' dir='ltr'><strong>venissent,</strong></span> <span class='ocrx_word' id='word_1_48' title='bbox 650 983 760 1048; x_wconf 79' lang='lat' dir='ltr'><strong>avidis</strong></span> <span class='ocrx_word' id='word_1_49' title='bbox 777 1002 864 1048; x_wconf 80' lang='lat' dir='ltr'><strong>verte</strong></span> <span class='ocrx_word' id='word_1_50' title='bbox 881 983 1058 1062; x_wconf 67' lang='lat' dir='ltr'><strong>Historiae,</strong></span> <span class='ocrx_word' id='word_1_51' title='bbox 1072 985 1195 1069; x_wconf 87' lang='lat' dir='ltr'><strong>cupido</strong></span> <span class='ocrx_word' id='word_1_52' title='bbox 1208 985 1360 1062; x_wconf 77' lang='lat' dir='ltr'><strong>incessit,</strong></span> <span class='ocrx_word' id='word_1_53' title='bbox 1376 1005 1416 1050; x_wconf 81' lang='lat' dir='ltr'><strong>ee</strong></span> 
     </span>
     <span class='ocr_line' id='line_1_8' title="bbox 325 1083 1415 1168; baseline 0 -18"><span class='ocrx_word' id='word_1_54' title='bbox 325 1087 378 1150; x_wconf 88' lang='lat' dir='ltr'><strong>nti</strong></span> <span class='ocrx_word' id='word_1_55' title='bbox 403 1091 507 1162; x_wconf 80' lang='lat' dir='ltr'><strong>erent,</strong></span> <span class='ocrx_word' id='word_1_56' title='bbox 536 1083 654 1148; x_wconf 77' lang='lat' dir='ltr'><strong>Latine</strong></span> <span class='ocrx_word' id='word_1_57' title='bbox 682 1083 871 1148; x_wconf 87' lang='lat' dir='ltr'><strong>disserere:</strong></span> <span class='ocrx_word' id='word_1_58' title='bbox 905 1103 970 1146; x_wconf 92' lang='lat' dir='ltr'><strong>non</strong></span> <span class='ocrx_word' id='word_1_59' title='bbox 993 1086 1101 1166; x_wconf 77' lang='lat' dir='ltr'><strong>magis</strong></span> <span class='ocrx_word' id='word_1_60' title='bbox 1125 1084 1246 1148; x_wconf 89' lang='lat' dir='ltr'><strong>contisi</strong></span> <span class='ocrx_word' id='word_1_61' title='bbox 1273 1086 1415 1168; x_wconf 77' lang='lat' dir='ltr'><strong>iugenio,</strong></span> 
     </span>
     <span class='ocr_line' id='line_1_9' title="bbox 326 1183 1417 1270; baseline 0.002 -20"><span class='ocrx_word' id='word_1_62' title='bbox 326 1205 427 1268; x_wconf 82' lang='lat' dir='ltr'><strong>quem</strong></span> <span class='ocrx_word' id='word_1_63' title='bbox 442 1192 480 1249; x_wconf 90' lang='lat' dir='ltr'><strong>nt</strong></span> <span class='ocrx_word' id='word_1_64' title='bbox 493 1185 592 1248; x_wconf 90' lang='lat' dir='ltr'><strong>otiosi</strong></span> <span class='ocrx_word' id='word_1_65' title='bbox 607 1184 707 1248; x_wconf 81' lang='lat' dir='ltr'><strong>enimi</strong></span> <span class='ocrx_word' id='word_1_66' title='bbox 723 1183 885 1248; x_wconf 81' lang='lat' dir='ltr'><strong>desidium</strong></span> <span class='ocrx_word' id='word_1_67' title='bbox 902 1183 1154 1249; x_wconf 78' lang='lat' dir='ltr'><strong>discuteremus.</strong></span> <span class='ocrx_word' id='word_1_68' title='bbox 1197 1184 1319 1268; x_wconf 82' lang='lat' dir='ltr'><strong>linque</strong></span> <span class='ocrx_word' id='word_1_69' title='bbox 1329 1189 1417 1270; x_wconf 89' lang='lat' dir='ltr'><strong>prio·</strong></span> 
     </span>
     <span class='ocr_line' id='line_1_10' title="bbox 327 1283 1417 1374; baseline 0.003 -25"><span class='ocrx_word' id='word_1_70' title='bbox 327 1297 400 1350; x_wconf 86' lang='lat' dir='ltr'><strong>rum</strong></span> <span class='ocrx_word' id='word_1_71' title='bbox 425 1285 573 1368; x_wconf 87' lang='lat' dir='ltr'><strong>quinque</strong></span> <span class='ocrx_word' id='word_1_72' title='bbox 593 1283 807 1362; x_wconf 82' lang='lat' dir='ltr'><strong>voluminum,</strong></span> <span class='ocrx_word' id='word_1_73' title='bbox 835 1304 911 1366; x_wconf 80' lang='lat' dir='ltr'><strong>quoe</strong></span> <span class='ocrx_word' id='word_1_74' title='bbox 940 1285 1032 1349; x_wconf 87' lang='lat' dir='ltr'><strong>bello</strong></span> <span class='ocrx_word' id='word_1_75' title='bbox 1061 1293 1235 1350; x_wconf 78' lang='lat' dir='ltr'><strong>contrecta</strong></span> <span class='ocrx_word' id='word_1_76' title='bbox 1253 1293 1417 1374; x_wconf 78' lang='lat' dir='ltr'><strong>gestuque</strong></span> 
     </span>
     <span class='ocr_line' id='line_1_11' title="bbox 329 1383 1417 1468; baseline 0.002 -20"><span class='ocrx_word' id='word_1_77' title='bbox 329 1391 418 1461; x_wconf 86' lang='lat' dir='ltr'><strong>sunt,</strong></span> <span class='ocrx_word' id='word_1_78' title='bbox 433 1383 569 1448; x_wconf 87' lang='lat' dir='ltr'><strong>eundem</strong></span> <span class='ocrx_word' id='word_1_79' title='bbox 591 1402 762 1448; x_wconf 85' lang='lat' dir='ltr'><strong>numerum</strong></span> <span class='ocrx_word' id='word_1_80' title='bbox 784 1385 996 1450; x_wconf 80' lang='lat' dir='ltr'><strong>servavimus.</strong></span> <span class='ocrx_word' id='word_1_81' title='bbox 1041 1385 1192 1450; x_wconf 80' lang='lat' dir='ltr'><strong>Residuo</strong></span> <span class='ocrx_word' id='word_1_82' title='bbox 1217 1385 1354 1468; x_wconf 88' lang='lat' dir='ltr'><strong>quidem</strong></span> <span class='ocrx_word' id='word_1_83' title='bbox 1376 1387 1417 1453; x_wconf 91' lang='lat' dir='ltr'><strong>de</strong></span> 
     </span>
    </p>
   </div>
   <div class='ocr_carea' id='block_1_3' title="bbox 216 1481 1419 1569">
    <p class='ocr_par' dir='ltr' id='par_1_3' title="bbox 216 1481 1419 1569">
     <span class='ocr_line' id='line_1_12' title="bbox 216 1481 1419 1569; baseline 0.005 -23"><span class='ocrx_word' id='word_1_84' title='bbox 216 1523 220 1530; x_wconf 88' lang='lat'><strong>·</strong></span> <span class='ocrx_word' id='word_1_85' title='bbox 329 1483 439 1547; x_wconf 88' lang='lat' dir='ltr'><strong>reditu</strong></span> <span class='ocrx_word' id='word_1_86' title='bbox 458 1481 672 1548; x_wconf 73' lang='lat' dir='ltr'><strong>Graecorum·</strong></span> <span class='ocrx_word' id='word_1_87' title='bbox 694 1483 729 1546; x_wconf 91' lang='lat' dir='ltr'><strong>in</strong></span> <span class='ocrx_word' id='word_1_88' title='bbox 752 1503 855 1548; x_wconf 91' lang='lat' dir='ltr'><strong>nnnm</strong></span> <span class='ocrx_word' id='word_1_89' title='bbox 879 1485 1075 1568; x_wconf 76' lang='lat' dir='ltr'><strong>redegimus,</strong></span> <span class='ocrx_word' id='word_1_90' title='bbox 1102 1491 1203 1569; x_wconf 85' lang='lat' dir='ltr'><strong>utque</strong></span> <span class='ocrx_word' id='word_1_91' title='bbox 1222 1485 1266 1552; x_wconf 80' lang='lat' dir='ltr'><strong>ad</strong></span> <span class='ocrx_word' id='word_1_92' title='bbox 1281 1493 1314 1552; x_wconf 89' lang='lat' dir='ltr'><strong>te</strong></span> <span class='ocrx_word' id='word_1_93' title='bbox 1329 1488 1419 1552; x_wconf 87' lang='lat' dir='ltr'><strong>misi·</strong></span> 
     </span>
    </p>
   </div>
   <div class='ocr_carea' id='block_1_4' title="bbox 328 1580 1201 1670">
    <p class='ocr_par' dir='ltr' id='par_1_4' title="bbox 328 1580 1201 1670">
     <span class='ocr_line' id='line_1_13' title="bbox 328 1580 1201 1670; baseline 0.003 -21"><span class='ocrx_word' id='word_1_94' title='bbox 328 1603 414 1649; x_wconf 90' lang='lat' dir='ltr'><strong>mns.</strong></span> <span class='ocrx_word' id='word_1_95' title='bbox 456 1581 523 1659; x_wconf 85' lang='lat' dir='ltr'><strong>Tu,</strong></span> <span class='ocrx_word' id='word_1_96' title='bbox 538 1580 660 1647; x_wconf 82' lang='lat' dir='ltr'><strong>Rufino</strong></span> <span class='ocrx_word' id='word_1_97' title='bbox 675 1583 742 1660; x_wconf 67' lang='lat' dir='ltr'><strong>mi,t</strong></span> <span class='ocrx_word' id='word_1_98' title='bbox 763 1591 798 1648; x_wconf 86' lang='lat' dir='ltr'><strong>nt</strong></span> <span class='ocrx_word' id='word_1_99' title='bbox 821 1603 883 1666; x_wconf 82' lang='lat' dir='ltr'><strong>per</strong></span> <span class='ocrx_word' id='word_1_100' title='bbox 899 1592 961 1662; x_wconf 90' lang='lat' dir='ltr'><strong>ost,</strong></span> <span class='ocrx_word' id='word_1_101' title='bbox 976 1585 1052 1650; x_wconf 83' lang='lat' dir='ltr'><strong>fere</strong></span> <span class='ocrx_word' id='word_1_102' title='bbox 1065 1588 1201 1670; x_wconf 88' lang='lat' dir='ltr'><strong>coeptis.</strong></span> 
     </span>
    </p>
   </div>
   <div class='ocr_carea' id='block_1_5' title="bbox 324 1793 1430 2904">
    <p class='ocr_par' dir='ltr' id='par_1_5' title="bbox 324 1793 1423 2159">
     <span class='ocr_line' id='line_1_14' title="bbox 356 1793 1422 1860; baseline 0.002 -16"><span class='ocrx_word' id='word_1_103' title='bbox 356 1801 370 1836; x_wconf 65' lang='grc' dir='ltr'><strong>Ρ</strong></span> <span class='ocrx_word' id='word_1_104' title='bbox 386 1795 435 1844; x_wconf 79' lang='lat' dir='ltr'><strong>Sed</strong></span> <span class='ocrx_word' id='word_1_105' title='bbox 450 1795 522 1845; x_wconf 75' lang='lat' dir='ltr'><strong>libros</strong></span> <span class='ocrx_word' id='word_1_106' title='bbox 537 1809 568 1844; x_wconf 78' lang='lat' dir='ltr'><strong>ee</strong></span> <span class='ocrx_word' id='word_1_107' title='bbox 576 1794 683 1859; x_wconf 59' lang='lat' dir='ltr'><strong>philem]</strong></span> <span class='ocrx_word' id='word_1_108' title='bbox 698 1793 768 1844; x_wconf 81' lang='lat' dir='ltr'><strong>Vide</strong></span> <span class='ocrx_word' id='word_1_109' title='bbox 779 1800 853 1843; x_wconf 80' lang='lat' dir='ltr'><strong>notes</strong></span> <span class='ocrx_word' id='word_1_110' title='bbox 893 1807 943 1859; x_wconf 87' lang='lat' dir='ltr'><strong>qno</strong></span> <span class='ocrx_word' id='word_1_111' title='bbox 953 1793 1025 1846; x_wconf 76' lang='lat' dir='ltr'><strong>sueto</strong></span> <span class='ocrx_word' id='word_1_112' title='bbox 1036 1795 1145 1847; x_wconf 76' lang='lat' dir='ltr'><strong>tiresus</strong></span> <span class='ocrx_word' id='word_1_113' title='bbox 1155 1804 1241 1848; x_wconf 81' lang='lat' dir='ltr'><strong>tesius</strong></span> <span class='ocrx_word' id='word_1_114' title='bbox 1248 1804 1275 1847; x_wconf 87' lang='lat' dir='ltr'><strong>et</strong></span> <span class='ocrx_word' id='word_1_115' title='bbox 1283 1810 1369 1847; x_wconf 87' lang='lat' dir='ltr'><strong>sermo</strong></span> <span class='ocrx_word' id='word_1_116' title='bbox 1377 1811 1422 1860; x_wconf 88' lang='lat' dir='ltr'><strong>ep·</strong></span> 
     </span>
     <span class='ocr_line' id='line_1_15' title="bbox 326 1869 1423 1936; baseline 0 -16"><span class='ocrx_word' id='word_1_117' title='bbox 326 1870 551 1936; x_wconf 78' lang='lat' dir='ltr'><strong>edproei&#39;etienem</strong></span> <span class='ocrx_word' id='word_1_118' title='bbox 571 1871 774 1922; x_wconf 70' lang='lat' dir='ltr'><strong>mministis</strong></span> <span class='ocrx_word' id='word_1_119' title='bbox 788 1872 854 1922; x_wconf 81' lang='lat' dir='ltr'><strong>tilius</strong></span> <span class='ocrx_word' id='word_1_120' title='bbox 894 1870 990 1933; x_wconf 83' lang='lat' dir='ltr'><strong>psrnit.</strong></span> <span class='ocrx_word' id='word_1_121' title='bbox 1021 1869 1105 1935; x_wconf 74' lang='lat' dir='ltr'><strong>dupre</strong></span> <span class='ocrx_word' id='word_1_122' title='bbox 1122 1880 1209 1922; x_wconf 81' lang='lat' dir='ltr'><strong>temen</strong></span> <span class='ocrx_word' id='word_1_123' title='bbox 1225 1879 1316 1923; x_wconf 79' lang='lat' dir='ltr'><strong>auctor</strong></span> <span class='ocrx_word' id='word_1_124' title='bbox 1332 1871 1423 1935; x_wconf 74' lang='lat' dir='ltr'><strong>pesele·</strong></span> 
     </span>
     <span class='ocr_line' id='line_1_16' title="bbox 324 1943 1422 2011; baseline 0 -17"><span class='ocrx_word' id='word_1_125' title='bbox 324 1946 434 2008; x_wconf 66' lang='lat' dir='ltr'><strong>digessit.</strong></span> <span class='ocrx_word' id='word_1_126' title='bbox 466 1949 500 1996; x_wconf 84' lang='lat' dir='ltr'><strong>Et</strong></span> <span class='ocrx_word' id='word_1_127' title='bbox 508 1949 605 2010; x_wconf 89' lang='lat' dir='ltr'><strong>optime</strong></span> <span class='ocrx_word' id='word_1_128' title='bbox 617 1949 654 1998; x_wconf 87' lang='lat' dir='ltr'><strong>eit</strong></span> <span class='ocrx_word' id='word_1_129' title='bbox 664 1949 743 1997; x_wconf 87' lang='lat' dir='ltr'><strong>libros</strong></span> <span class='ocrx_word' id='word_1_130' title='bbox 754 1963 785 1997; x_wconf 81' lang='lat' dir='ltr'><strong>es</strong></span> <span class='ocrx_word' id='word_1_131' title='bbox 797 1947 854 2011; x_wconf 83' lang='lat' dir='ltr'><strong>piri·</strong></span> <span class='ocrx_word' id='word_1_132' title='bbox 896 1943 973 1993; x_wconf 88' lang='lat' dir='ltr'><strong>tionis</strong></span> <span class='ocrx_word' id='word_1_133' title='bbox 984 1945 1075 1994; x_wconf 76' lang='lat' dir='ltr'><strong>scribit</strong></span> <span class='ocrx_word' id='word_1_134' title='bbox 1092 1945 1222 1996; x_wconf 83' lang='lat' dir='ltr'><strong>Neronem</strong></span> <span class='ocrx_word' id='word_1_135' title='bbox 1230 1947 1338 2010; x_wconf 76' lang='lat' dir='ltr'><strong>Jnssisse</strong></span> <span class='ocrx_word' id='word_1_136' title='bbox 1350 1953 1378 1994; x_wconf 83' lang='lat' dir='ltr'><strong>nt</strong></span> <span class='ocrx_word' id='word_1_137' title='bbox 1390 1961 1422 1994; x_wconf 84' lang='lat' dir='ltr'><strong>ee</strong></span> 
     </span>
     <span class='ocr_line' id='line_1_17' title="bbox 327 2019 1423 2085; baseline 0.002 -17"><span class='ocrx_word' id='word_1_138' title='bbox 327 2021 395 2082; x_wconf 74' lang='lat' dir='ltr'><strong>ipre,</strong></span> <span class='ocrx_word' id='word_1_139' title='bbox 406 2021 467 2083; x_wconf 87' lang='lat' dir='ltr'><strong>quis</strong></span> <span class='ocrx_word' id='word_1_140' title='bbox 476 2021 535 2069; x_wconf 79' lang='lat' dir='ltr'><strong>liter</strong></span> <span class='ocrx_word' id='word_1_141' title='bbox 544 2025 649 2085; x_wconf 86' lang='lat' dir='ltr'><strong>proprie</strong></span> <span class='ocrx_word' id='word_1_142' title='bbox 661 2033 701 2072; x_wconf 89' lang='lat' dir='ltr'><strong>est</strong></span> <span class='ocrx_word' id='word_1_143' title='bbox 718 2032 808 2073; x_wconf 81' lang='lat' dir='ltr'><strong>cortex</strong></span> <span class='ocrx_word' id='word_1_144' title='bbox 817 2025 856 2072; x_wconf 89' lang='lat' dir='ltr'><strong>in·</strong></span> <span class='ocrx_word' id='word_1_145' title='bbox 895 2020 921 2069; x_wconf 90' lang='lat' dir='ltr'><strong>in</strong></span> <span class='ocrx_word' id='word_1_146' title='bbox 933 2019 1055 2070; x_wconf 77' lang='lat' dir='ltr'><strong>Gemonm</strong></span> <span class='ocrx_word' id='word_1_147' title='bbox 1074 2036 1218 2072; x_wconf 87' lang='lat' dir='ltr'><strong>sermonem</strong></span> <span class='ocrx_word' id='word_1_148' title='bbox 1230 2019 1423 2072; x_wconf 72' lang='lat' dir='ltr'><strong>transferretur.</strong></span> 
     </span>
     <span class='ocr_line' id='line_1_18' title="bbox 327 2093 1056 2159; baseline 0.001 -16"><span class='ocrx_word' id='word_1_149' title='bbox 327 2093 410 2143; x_wconf 82' lang='lat' dir='ltr'><strong>terior</strong></span> <span class='ocrx_word' id='word_1_150' title='bbox 415 2093 458 2157; x_wconf 85' lang='lat' dir='ltr'><strong>qni</strong></span> <span class='ocrx_word' id='word_1_151' title='bbox 468 2093 494 2142; x_wconf 88' lang='lat' dir='ltr'><strong>in</strong></span> <span class='ocrx_word' id='word_1_152' title='bbox 504 2093 615 2157; x_wconf 73' lang='lat' dir='ltr'><strong>philyres</strong></span> <span class='ocrx_word' id='word_1_153' title='bbox 625 2109 671 2145; x_wconf 83' lang='lat' dir='ltr'><strong>seu</strong></span> <span class='ocrx_word' id='word_1_154' title='bbox 681 2095 858 2159; x_wconf 73' lang='lat' dir='ltr'><strong>distinguitur.</strong></span> <span class='ocrx_word' id='word_1_155' title='bbox 898 2095 991 2144; x_wconf 68' lang='lat' dir='ltr'><strong>heum</strong></span> <span class='ocrx_word' id='word_1_156' title='bbox 1004 2093 1056 2146; x_wconf 77' lang='lat' dir='ltr'><strong>edi·</strong></span> 
     </span>
    </p>

    <p class='ocr_par' dir='ltr' id='par_1_6' title="bbox 329 2167 1427 2454">
     <span class='ocr_line' id='line_1_19' title="bbox 329 2167 1424 2230; baseline -0.002 -12"><span class='ocrx_word' id='word_1_157' title='bbox 329 2167 453 2219; x_wconf 85' lang='lat' dir='ltr'><strong>Isidorus.</strong></span> <span class='ocrx_word' id='word_1_158' title='bbox 473 2169 572 2219; x_wconf 84' lang='lat' dir='ltr'><strong>‘Liber</strong></span> <span class='ocrx_word' id='word_1_159' title='bbox 588 2177 628 2220; x_wconf 87' lang='lat' dir='ltr'><strong>est</strong></span> <span class='ocrx_word' id='word_1_160' title='bbox 644 2171 753 2221; x_wconf 82' lang='lat' dir='ltr'><strong>interior</strong></span> <span class='ocrx_word' id='word_1_161' title='bbox 769 2172 857 2221; x_wconf 81' lang='lat' dir='ltr'><strong>tunice</strong></span> <span class='ocrx_word' id='word_1_162' title='bbox 925 2167 1057 2216; x_wconf 64' lang='grc' dir='ltr'><strong>’Μαι</strong></span> <span class='ocrx_word' id='word_1_163' title='bbox 1074 2169 1166 2230; x_wconf 75' lang='lat' dir='ltr'><strong>quidem</strong></span> <span class='ocrx_word' id='word_1_164' title='bbox 1184 2170 1214 2218; x_wconf 79' lang='lat' dir='ltr'><strong>ds</strong></span> <span class='ocrx_word' id='word_1_165' title='bbox 1230 2168 1310 2218; x_wconf 77' lang='lat' dir='ltr'><strong>redite</strong></span> <span class='ocrx_word' id='word_1_166' title='bbox 1328 2170 1424 2218; x_wconf 75' lang='lat' dir='ltr'><strong>Greco-</strong></span> 
     </span>
     <span class='ocr_line' id='line_1_20' title="bbox 331 2241 1424 2308; baseline 0 -14"><span class='ocrx_word' id='word_1_167' title='bbox 331 2244 445 2306; x_wconf 86' lang='lat' dir='ltr'><strong>corticis‚</strong></span> <span class='ocrx_word' id='word_1_168' title='bbox 462 2259 520 2308; x_wconf 82' lang='lat' dir='ltr'><strong>quse</strong></span> <span class='ocrx_word' id='word_1_169' title='bbox 537 2246 607 2307; x_wconf 77' lang='lat' dir='ltr'><strong>ligno</strong></span> <span class='ocrx_word' id='word_1_170' title='bbox 624 2247 747 2305; x_wconf 69' lang='lat' dir='ltr'><strong>coderet,</strong></span> <span class='ocrx_word' id='word_1_171' title='bbox 765 2247 790 2293; x_wconf 87' lang='lat' dir='ltr'><strong>in</strong></span> <span class='ocrx_word' id='word_1_172' title='bbox 807 2259 858 2307; x_wconf 81' lang='lat' dir='ltr'><strong>qne</strong></span> <span class='ocrx_word' id='word_1_173' title='bbox 894 2241 959 2301; x_wconf 79' lang='lat' dir='ltr'><strong>ress]</strong></span> <span class='ocrx_word' id='word_1_174' title='bbox 982 2243 1028 2290; x_wconf 76' lang='lat' dir='ltr'><strong>Ait</strong></span> <span class='ocrx_word' id='word_1_175' title='bbox 1047 2257 1074 2291; x_wconf 87' lang='lat' dir='ltr'><strong>se</strong></span> <span class='ocrx_word' id='word_1_176' title='bbox 1094 2244 1205 2292; x_wconf 85' lang='lat' dir='ltr'><strong>reditum</strong></span> <span class='ocrx_word' id='word_1_177' title='bbox 1228 2245 1379 2294; x_wconf 72' lang='lat' dir='ltr'><strong>Grecornm</strong></span> <span class='ocrx_word' id='word_1_178' title='bbox 1397 2247 1424 2294; x_wconf 87' lang='lat' dir='ltr'><strong>in</strong></span> 
     </span>
     <span class='ocr_line' id='line_1_21' title="bbox 331 2316 1426 2382; baseline 0.001 -16"><span class='ocrx_word' id='word_1_179' title='bbox 331 2319 430 2382; x_wconf 78' lang='lat' dir='ltr'><strong>antiqui</strong></span> <span class='ocrx_word' id='word_1_180' title='bbox 451 2318 616 2367; x_wconf 65' lang='lat' dir='ltr'><strong>scribebant!</strong></span> <span class='ocrx_word' id='word_1_181' title='bbox 658 2319 735 2381; x_wconf 87' lang='lat' dir='ltr'><strong>isque</strong></span> <span class='ocrx_word' id='word_1_182' title='bbox 753 2319 857 2380; x_wconf 81' lang='lat' dir='ltr'><strong>proprie</strong></span> <span class='ocrx_word' id='word_1_183' title='bbox 896 2330 973 2363; x_wconf 88' lang='lat' dir='ltr'><strong>uuum</strong></span> <span class='ocrx_word' id='word_1_184' title='bbox 991 2316 1085 2365; x_wconf 84' lang='lat' dir='ltr'><strong>librum</strong></span> <span class='ocrx_word' id='word_1_185' title='bbox 1098 2319 1269 2376; x_wconf 78' lang='lat' dir='ltr'><strong>contraxisse.</strong></span> <span class='ocrx_word' id='word_1_186' title='bbox 1281 2319 1343 2382; x_wconf 78' lang='lat' dir='ltr'><strong>quin</strong></span> <span class='ocrx_word' id='word_1_187' title='bbox 1355 2321 1426 2380; x_wconf 78' lang='lat' dir='ltr'><strong>apud</strong></span> 
     </span>
     <span class='ocr_line' id='line_1_22' title="bbox 330 2388 1427 2454; baseline 0.002 -15"><span class='ocrx_word' id='word_1_188' title='bbox 330 2391 423 2440; x_wconf 83' lang='lat' dir='ltr'><strong>Grrece</strong></span> <span class='ocrx_word' id='word_1_189' title='bbox 433 2389 519 2446; x_wconf 76' lang='grc' dir='ltr'><strong><em>βίβλοε</em></strong></span> <span class='ocrx_word' id='word_1_190' title='bbox 531 2390 636 2439; x_wconf 87' lang='lat' dir='ltr'><strong>dicitnr.</strong></span> <span class='ocrx_word' id='word_1_191' title='bbox 894 2388 998 2437; x_wconf 80' lang='lat' dir='ltr'><strong>snidsm</strong></span> <span class='ocrx_word' id='word_1_192' title='bbox 1013 2390 1113 2452; x_wconf 75' lang='lat' dir='ltr'><strong>legeret</strong></span> <span class='ocrx_word' id='word_1_193' title='bbox 1129 2391 1236 2454; x_wconf 81' lang='lat' dir='ltr'><strong>Dictyrn</strong></span> <span class='ocrx_word' id='word_1_194' title='bbox 1248 2391 1382 2452; x_wconf 74' lang='lat' dir='ltr'><strong>scripsisse</strong></span> <span class='ocrx_word' id='word_1_195' title='bbox 1395 2394 1427 2441; x_wconf 91' lang='lat' dir='ltr'><strong>ii-</strong></span> 
     </span>
    </p>

    <p class='ocr_par' dir='ltr' id='par_1_7' title="bbox 327 2461 1430 2674">
     <span class='ocr_line' id='line_1_23' title="bbox 361 2461 1429 2527; baseline 0.002 -21"><span class='ocrx_word' id='word_1_196' title='bbox 361 2465 431 2514; x_wconf 76' lang='lat' dir='ltr'><strong>‘iAd</strong></span> <span class='ocrx_word' id='word_1_197' title='bbox 452 2463 565 2527; x_wconf 77' lang='lat' dir='ltr'><strong>Pmim]</strong></span> <span class='ocrx_word' id='word_1_198' title='bbox 588 2464 640 2514; x_wconf 81' lang='lat' dir='ltr'><strong>H&#39;ic</strong></span> <span class='ocrx_word' id='word_1_199' title='bbox 658 2464 761 2514; x_wconf 72' lang='lat' dir='ltr'><strong>Prdoet&#39;tn</strong></span> <span class='ocrx_word' id='word_1_200' title='bbox 781 2473 859 2515; x_wconf 64' lang='lat' dir='ltr'><strong>voest</strong></span> <span class='ocrx_word' id='word_1_201' title='bbox 897 2461 1066 2510; x_wconf 73' lang='lat' dir='ltr'><strong>brennovem.</strong></span> <span class='ocrx_word' id='word_1_202' title='bbox 1098 2463 1429 2527; x_wconf 72' lang='lat' dir='ltr'><strong>Sedisi&#39;uiiDiciyeGroe.</strong></span> 
     </span>
     <span class='ocr_line' id='line_1_24' title="bbox 329 2537 1430 2605; baseline -0.008 -16"><span class='ocrx_word' id='word_1_203' title='bbox 329 2553 405 2604; x_wconf 87' lang='lat' dir='ltr'><strong>quem</strong></span> <span class='ocrx_word' id='word_1_204' title='bbox 428 2547 519 2588; x_wconf 80' lang='lat' dir='ltr'><strong>auctor</strong></span> <span class='ocrx_word' id='word_1_205' title='bbox 547 2539 706 2603; x_wconf 78' lang='lat' dir='ltr'><strong>presetiouis</strong></span> <span class='ocrx_word' id='word_1_206' title='bbox 733 2542 856 2605; x_wconf 62' lang='lat' dir='ltr'><strong>Eupraxi-</strong></span> <span class='ocrx_word' id='word_1_207' title='bbox 895 2548 950 2596; x_wconf 86' lang='lat' dir='ltr'><strong>cns,</strong></span> <span class='ocrx_word' id='word_1_208' title='bbox 961 2537 1164 2597; x_wconf 83' lang='lat' dir='ltr'><strong>eliussnostro,</strong></span> <span class='ocrx_word' id='word_1_209' title='bbox 1173 2543 1200 2584; x_wconf 90' lang='lat' dir='ltr'><strong>et</strong></span> <span class='ocrx_word' id='word_1_210' title='bbox 1210 2543 1324 2584; x_wconf 83' lang='lat' dir='ltr'><strong>nostrum</strong></span> <span class='ocrx_word' id='word_1_211' title='bbox 1335 2553 1382 2588; x_wconf 83' lang='lat' dir='ltr'><strong>sex</strong></span> <span class='ocrx_word' id='word_1_212' title='bbox 1398 2541 1430 2590; x_wconf 89' lang='lat' dir='ltr'><strong>ii.</strong></span> 
     </span>
     <span class='ocr_line' id='line_1_25' title="bbox 327 2601 1429 2674; baseline 0.004 -14"><span class='ocrx_word' id='word_1_213' title='bbox 327 2617 389 2668; x_wconf 70' lang='lat' dir='ltr'><strong>dees.</strong></span> <span class='ocrx_word' id='word_1_214' title='bbox 897 2601 950 2660; x_wconf 68' lang='lat' dir='ltr'><strong>liris</strong></span> <span class='ocrx_word' id='word_1_215' title='bbox 962 2611 1105 2660; x_wconf 76' lang='lat' dir='ltr'><strong>absolutum</strong></span> <span class='ocrx_word' id='word_1_216' title='bbox 1117 2610 1174 2674; x_wconf 82' lang='lat' dir='ltr'><strong>ipen</strong></span> <span class='ocrx_word' id='word_1_217' title='bbox 1186 2609 1309 2661; x_wconf 78' lang='lat' dir='ltr'><strong>Praefetio</strong></span> <span class='ocrx_word' id='word_1_218' title='bbox 1328 2617 1429 2666; x_wconf 86' lang='lat' dir='ltr'><strong>retulit.</strong></span> 
     </span>
    </p>

    <p class='ocr_par' dir='ltr' id='par_1_8' title="bbox 359 2689 1002 2754">
     <span class='ocr_line' id='line_1_26' title="bbox 359 2689 1002 2754; baseline -0.003 -16"><span class='ocrx_word' id='word_1_219' title='bbox 359 2697 370 2722; x_wconf 78' lang='lat'>¹</span> <span class='ocrx_word' id='word_1_220' title='bbox 388 2690 595 2746; x_wconf 82' lang='lat' dir='ltr'><strong>Quicomrrrsiatos</strong></span> <span class='ocrx_word' id='word_1_221' title='bbox 605 2691 683 2740; x_wconf 81' lang='lat' dir='ltr'><strong>literis</strong></span> <span class='ocrx_word' id='word_1_222' title='bbox 694 2690 795 2754; x_wconf 77' lang='lat' dir='ltr'><strong>Atticis]</strong></span> <span class='ocrx_word' id='word_1_223' title='bbox 810 2690 857 2742; x_wconf 75' lang='lat' dir='ltr'><strong>Ait</strong></span> <span class='ocrx_word' id='word_1_224' title='bbox 899 2689 1002 2738; x_wconf 84' lang='lat' dir='ltr'><strong>Mercer.</strong></span> 
     </span>
    </p>

    <p class='ocr_par' dir='ltr' id='par_1_9' title="bbox 328 2761 1427 2904">
     <span class='ocr_line' id='line_1_27' title="bbox 330 2761 1427 2829; baseline 0.001 -16"><span class='ocrx_word' id='word_1_225' title='bbox 330 2765 504 2826; x_wconf 72' lang='lat' dir='ltr'><strong>Eupraxidem</strong></span> <span class='ocrx_word' id='word_1_226' title='bbox 516 2763 604 2813; x_wconf 84' lang='lat' dir='ltr'><strong>iiterss</strong></span> <span class='ocrx_word' id='word_1_227' title='bbox 626 2766 735 2815; x_wconf 79' lang='lat' dir='ltr'><strong>Punicus</strong></span> <span class='ocrx_word' id='word_1_228' title='bbox 750 2766 857 2816; x_wconf 78' lang='lat' dir='ltr'><strong>volumi·</strong></span> <span class='ocrx_word' id='word_1_229' title='bbox 929 2765 937 2796; x_wconf 74' lang='lat'><strong>⁸</strong></span> <span class='ocrx_word' id='word_1_230' title='bbox 955 2763 1001 2826; x_wconf 78' lang='lat' dir='ltr'><strong>Tu,</strong></span> <span class='ocrx_word' id='word_1_231' title='bbox 1019 2761 1104 2829; x_wconf 69' lang='lat' dir='ltr'><strong>Rufino</strong></span> <span class='ocrx_word' id='word_1_232' title='bbox 1123 2762 1168 2826; x_wconf 86' lang='lat' dir='ltr'><strong>mi]</strong></span> <span class='ocrx_word' id='word_1_233' title='bbox 1186 2763 1287 2826; x_wconf 87' lang='lat' dir='ltr'><strong>Nempe</strong></span> <span class='ocrx_word' id='word_1_234' title='bbox 1299 2763 1427 2814; x_wconf 76' lang='lat' dir='ltr'><strong>Arcadius</strong></span> 
     </span>
     <span class='ocr_line' id='line_1_28' title="bbox 328 2835 1334 2904; baseline 0.006 -20"><span class='ocrx_word' id='word_1_235' title='bbox 328 2851 389 2888; x_wconf 89' lang='lat' dir='ltr'><strong>num</strong></span> <span class='ocrx_word' id='word_1_236' title='bbox 404 2837 506 2884; x_wconf 86' lang='lat' dir='ltr'><strong>illorum</strong></span> <span class='ocrx_word' id='word_1_237' title='bbox 522 2835 548 2882; x_wconf 91' lang='lat' dir='ltr'><strong>iu</strong></span> <span class='ocrx_word' id='word_1_238' title='bbox 563 2835 666 2886; x_wconf 76' lang='lat' dir='ltr'><strong>Atticas</strong></span> <span class='ocrx_word' id='word_1_239' title='bbox 676 2845 858 2899; x_wconf 84' lang='lat' dir='ltr'><strong>commutesse,</strong></span> <span class='ocrx_word' id='word_1_240' title='bbox 898 2839 1087 2901; x_wconf 64' lang='lat' dir='ltr'><strong>vocaberunt).</strong></span> <span class='ocrx_word' id='word_1_241' title='bbox 1097 2840 1215 2889; x_wconf 77' lang='lat' dir='ltr'><strong>Arcadius</strong></span> <span class='ocrx_word' id='word_1_242' title='bbox 1224 2840 1334 2904; x_wconf 76' lang='lat' dir='ltr'><strong>Rufinus.</strong></span> 
     </span>
    </p>
   </div>
   <div class='ocr_carea' id='block_1_6' title="bbox 0 0 1534 4918">
    <p class='ocr_par' dir='ltr' id='par_1_10' title="bbox 0 0 1534 4918">
     <span class='ocr_line' id='line_1_29' title="bbox 0 0 1534 4918; baseline 0 0"><span class='ocrx_word' id='word_1_243' title='bbox 0 0 1534 4918; x_wconf 95' lang='lat' dir='ltr'><strong> </strong></span> 
     </span>
    </p>
   </div>
  </div>
 </body>
</html>
