3044 4896
369 295 417 343 nn
442 292 561 345 annno
586 295 756 346 rnorrso
781 295 853 347 nte.
879 299 929 346 ιν.
1127 283 1192 351 217

100 433 292 500 advertere²
318 433 463 497 insulam
490 432 622 498 Graecis
645 435 781 512 sociam,
804 435 901 518 *veriti
927 453 969 500 ne
993 453 1027 498 re
1057 438 1192 518 cognito

100 532 352 598 incenderentur
367 527 489 609 naves,¹
507 532 631 597 ibidem
645 528 920 617 opperiebantur:
943 555 984 601 ac
997 555 1075 600 mox
1089 535 1192 602 dirisi

101 633 133 696 iu
155 631 324 696 Gemirum
345 630 379 696 et
405 633 581 698 lalisum³³
604 629 704 698 urbes
731 636 925 718 opulentes:
956 655 1063 720 neque
1084 637 1191 702 multo

99 741 178 816 post
193 731 323 798 Rhodii
341 733 484 799 Phalam
507 735 673 813 incusare,
694 735 785 818 qnod
808 736 910 819 paulo
926 744 1003 800 ante
1019 755 1133 800 eversa
1148 738 1191 802 ab

18 869 19 902 r
100 833 296 898 Alexandro
312 833 452 898 Sidone*
474 835 583 919 putria
597 854 670 912 sua,
693 835 856 900 auxilinm
870 835 903 899 ei
917 854 940 899 e
952 855 1021 918 quo
1034 837 1137 900 lessus
1150 838 1194 903 sit

18 929 20 940 '
100 933 185 998 ferre
208 937 357 1016 cuperet:
380 953 511 1018 quoque
527 935 657 999 animos
670 937 837 998 exercitus
852 944 1097 1018 permoverent,
1114 955 1195 1001 con-
1269 1001 1275 1012 ,

18 1083 19 1116 3
101 1033 239 1111 firmare,
261 1031 347 1098 hand
362 1033 543 1098 dissimiles
557 1033 769 1099 barbarorum
782 1034 914 1112 videri,⁴
931 1036 988 1118 qui
1003 1043 1071 1100 tam
1087 1035 1194 1120 indig-

18 1141 19 1190 ἴ
102 1134 319 1200 numfacinus
333 1135 588 1200 defenderentt·
609 1134 714 1199 multa
727 1141 891 1218 praeterea
906 1145 1109 1202 accensura⁵
1123 1137 1193 1202 vnl-

18 1255 19 1260 ¹
102 1255 188 1318 gum,
204 1241 240 1300 et
253 1254 330 1318 qnae
344 1254 407 1317 pro
422 1255 459 1298 se
473 1235 604 1300 tactura
615 1237 738 1310 essent,
750 1236 933 1302 disserere:
948 1255 1025 1318 qnae
1039 1256 1093 1302 res
1107 1238 1195 1304 haud

102 1335 223 1400 frustra
236 1335 316 1401 fuit:
340 1335 522 1400 Phoenicee
542 1333 686 1418 namque
709 1337 767 1417 qui
788 1337 823 1398 in
844 1354 886 1399 eo
900 1334 1049 1400 exercitu
1064 1335 1196 1424 plurimi

103 1433 251 1512 aderant,
274 1435 417 1518 permoti
431 1433 576 1517 querelis
591 1433 809 1512 Rhodiomm,
832 1455 874 1499 an
889 1433 1094 1520 cupidine⁶¹¹
1119 1433 1196 1500 diri-

104 1535 297 1619 piendamm
310 1555 420 1602 rerum
435 1555 521 1619 quae
537 1541 653 1602 secum
668 1535 885 1614 advexerant,
908 1536 1051 1601 Phalam
1074 1537 1197 1621 lapidi·

106 1641 166 1704 bns
180 1639 327 1704 insecuti
349 1646 488 1704 necant:
511 1639 745 1722 distributiqne
767 1659 826 1722 per
848 1640 1061 1723 supradictas
1082 1641 1197 1714 urbes,

105 1756 218 1804 aumm
234 1758 275 1804 ae
288 1740 417 1822 reliqua
431 1738 557 1822 praedae
571 1740 656 1802 inter
669 1757 708 1802 se
721 1739 931 1823 dispertiunt.
974 1740 1037 1822 [5.]
1056 1739 1195 1804 Interim

104 1839 271 1904 exercitus
286 1840 344 1922 qui
359 1858 435 1904 cum
451 1839 629 1902 Memnone
643 1845 792 1916 venerat,
814 1840 937 1923 positis
954 1858 1013 1922 per
1025 1839 1121 1903 locos
1136 1859 1197 1921 pa-

106 1941 197 2004 tulos
211 1943 344 2019 caetris,
366 1958 445 2004 narn
462 1942 550 2005 intra
563 1941 688 2004 moenie
700 1939 790 2003 haud
806 1939 904 2004 facile
919 1945 1010 2005 tauta
1025 1940 1075 2004 ris
1094 1939 1199 2003 homi·

107 2060 184 2104 num
207 2043 344 2106 retineri
370 2048 513 2124 poterat,
535 2040 656 2114 diversi
682 2059 746 2105 suo
772 2041 914 2125 quisque
929 2059 1047 2122 genere
1061 2059 1198 2104 exerce·

107 2142 235 2207 bantur.
280 2143 401 2226 Neque
418 2144 536 2206 eudem
558 2148 649 2206 artev
672 2142 815 2225 simplex
840 2147 939 2224 atque
961 2141 1048 2206 idem
1069 2139 1198 2214 modus,

105 2242 216 2320 ‘sedut
230 2263 394 2327 quemque
408 2241 551 2326 regionis
566 2261 637 2308 suae
652 2261 727 2306 mos
747 2242 989 2318 assuefecerat,
1008 2243 1056 2308 ita
1078 2239 1169 2304 telis⁷
1180 2239 1199 2276 ''

139 2447 150 2470 ⁰
168 2439 252 2500 Neque
267 2439 340 2487 multo
355 2443 406 2500 post
419 2435 510 2486 Rhodii
521 2439 623 2488 Piscium
639 2438 763 2488 criminari
777 2441 974 2504 repensemus
990 2453 1042 2490 eom
1053 2438 1128 2490 mon
1144 2438 1194 2500 eim

107 2503 185 2564 patrio
196 2516 243 2560 corr
253 2500 289 2550 ita
298 2502 388 2564 pridem
399 2503 428 2550 cb
438 2503 574 2552 Alexandro
583 2503 768 2566 dimensuisset,
785 2504 808 2550 ei
826 2509 938 2566 lumem
949 2519 993 2567 qeo
1009 2503 1112 2567 offensus
1124 2509 1195 2561 esset,

108 2566 223 2614 auxiliari
231 2571 365 2624 coneretur,
375 2571 446 2628 etque
456 2567 558 2615 militum
568 2567 658 2614 enimes
668 2569 809 2629 excitarem,
826 2569 951 2632 qffirmore,
961 2567 1081 2616 adsimiles
1091 2566 1196 2615 oeream

109 2643 145 2677 ees
152 2644 199 2685 sorr
209 2643 267 2690 esee,
277 2630 317 2690 qui
327 2630 401 2677 scelus
412 2636 461 2676 tum
471 2635 542 2678 utros
554 2633 687 2678 tuerentur.

565 2783 750 2806 ”ommno

108 2915 163 2966 qroe
180 2899 227 2948 cisi
241 2903 406 2960 φυῆναι-2
423 2898 516 2962 Delplr.
532 2899 710 2949 aduertere—8
729 2899 807 2962 vulg.
819 2897 936 2948 Getieum.
963 2899 1028 2950 Mse.
1046 2899 1200 2964 Celerem.-

110 2971 125 3015 4
142 2967 209 3016 Post
219 2963 296 3012 sideri
306 2963 368 3026 legit
380 2963 474 3026 Delplr.
482 2969 575 3012 cea-5
593 2963 688 3013 Inserit
700 2964 792 3027 Delplr.
802 2977 854 3026 quc
866 2971 927 3012 ente
936 2978 1069 3024 accensum,
1088 2973 1116 3013 et
1134 2967 1201 3016 hene

111 3029 228 3078 voculam
238 3027 336 3077 omittit
346 3041 404 3076 mox
415 3035 476 3078 ente
485 3032 587 3091 pru-6
605 3028 649 3078 Sic
660 3027 724 3079 Mss-
736 3029 813 3090 uulgo
823 3028 878 3075 dein
886 3027 1050 3088 supsidium-i
1064 3028 1130 3076 Post
1140 3029 1202 3090 telis,

607 3184 714 3234 NOTAE

113 3281 224 3346 reliquos
236 3277 299 3329 mari
312 3279 391 3343 misit,
400 3280 438 3328 ita
447 3286 476 3328 ut
488 3279 505 3328 ii
518 3277 648 3328 Rhodum
678 3291 746 3328 mum
759 3276 894 3339 expilasse.
926 3274 978 3325 Sed
989 3275 1038 3326 hoc
1049 3265 1147 3326 'ulcere
1166 3279 1204 3330 its

112 3357 244 3421 appellere
257 3356 409 3420 potuerint?
421 3355 500 3405 Certe
511 3369 553 3404 res
565 3355 639 3416 mire,
679 3359 784 3416 sugent.
797 3351 829 3401 sd
843 3352 965 3416 mojorem
976 3351 1116 3414 inuidiam,
1132 3353 1204 3418 queri

112 3431 161 3480 'nisi
171 3431 204 3480 de
216 3431 319 3495 reliquls
331 3431 491 3494 AEtlriopibus
502 3430 643 3502 intelligas,
679 3429 712 3479 sb
723 3443 754 3478 eo
765 3428 824 3478 urbs
836 3441 927 3477 eversa
936 3435 964 3475 et
975 3427 1062 3494 diruta¹
1073 3426 1161 3481 tuerit.

113 3505 205 3568 quibus
214 3505 335 3554 Memnon
347 3505 516 3568 mandaverit,
529 3512 558 3555 ut
570 3518 640 3553 mere
710 3502 778 3553 ”Aa
797 3501 918 3566 crepidine]
947 3501 989 3551 Ita
1009 3503 1106 3552 dlserte
1125 3504 1202 3553 libri:

113 3579 337 3628 Mediterraneum
348 3582 507 3630 metirentur.
677 3579 745 3644 quod
767 3580 848 3643 inepti
868 3586 895 3628 et
911 3579 1024 3642 imperiti
1044 3585 1204 3628 correctores

146 3651 200 3699 ¹12·
213 3651 332 3698 Carnicum
343 3653 483 3717 etlclimm]
504 3653 587 3702 Rhodi
599 3667 641 3702 ur·
679 3661 851 3714 mutarerunt,
866 3653 1110 3716 rescripsemntqns,
1128 3651 1204 3700 ‘dein

112 3728 171 3787 bes,
188 3723 221 3775 de
238 3723 331 3788 quibus
345 3724 400 3786 jem
416 3716 495 3789 supra
511 3741 544 3775 ex
563 3727 643 3778 Hom.
679 3727 816 3790 cupitline!
833 3727 935 3776 Mereor.
958 3724 961 3730 '

115 3811 143 3854 et
155 3801 243 3852 strab.
712 3810 725 3835 v
741 3801 824 3864 Neque
842 3794 923 3849 rudem
942 3804 995 3848 orte
1015 3799 1116 3862 simplae
1134 3806 1204 3864 utque

146 3879 155 3910 i
170 3879 262 3926 Euerso
277 3875 308 3922 ol
318 3873 455 3924 Auernum
467 3873 567 3937 sienae]
589 3873 643 3924 Ini-
679 3876 753 3939 idem]
766 3871 951 3922 ‘Modusidem
960 3873 1203 3936 etsimplexeadem

116 3953 156 4001 tio
164 3951 209 4000 lib.
219 3965 239 4000 r.
251 3950 342 4000 retulit
356 3950 449 4010 Dictys
468 3947 640 3998 Alexandrum
681 3949 757 4002 erte.'
788 3948 875 3998 Nolim
887 3961 937 4010 ego
945 3947 992 3997 lroc
1003 3941 1111 4000 imitari?

117 4027 212 4088 Sparta
231 4025 393 4088 redeuntem,
406 4023 533 4075 'Sidonem
552 4022 639 4088 delap·
711 4033 728 4058 v
745 4025 785 4074 lte
801 4023 855 4073 telis
873 4021 952 4086 [ullis]
969 4023 1048 4090 Lego,
1062 4026 1070 4056 ⁴
1084 4025 1127 4077 lte
1144 4029 1203 4082 telis

118 4115 184 4164 eum,
201 4113 286 4166 regem
302 4103 478 4164 obtruncasse,
494 4104 521 4152 ct
532 4099 587 4166 ejus
598 4099 641 4150 dc·
681 4099 724 4157 elii
735 4099 761 4150 in
773 4099 851 4150 alium
862 4097 982 4152 morium!
1149 4116 1168 4126 ··
