3044 4896
382 361 431 408 nn
454 361 574 410 sunto
596 361 769 412 ruosnuo
792 365 864 414 bru.
887 365 925 412 ιι.
1129 353 1193 418 173

103 503 227 586 sagitte
240 501 386 566 Pandari
399 505 618 584 vulneratusy
640 505 773 589 inipso
794 506 918 590 impetu
939 525 1108 590 repressus
1129 516 1191 572 est.

104 605 210 686 Igitur
233 604 275 666 ab
300 604 422 668 nostris
445 601 590 669 elamore
617 610 702 681 orto,
724 605 890 688 simulque
914 626 988 670 cunr
1013 607 1065 670 ira
1085 608 1192 690 indig-

102 705 269 782 nantibus,
296 703 399 787 quod‘
416 705 579 770 duobus¹
613 723 764 770 seorsum
792 705 969 770 adversum
997 726 1046 782 se,
1074 707 1193 791 hisque

102 806 249 870 maxime
263 825 404 888 quorum
419 807 524 886 gretia
538 807 660 871 bellum
675 804 854 872 conflatum
868 812 968 882 esset,
989 806 1194 872 decernenti·

102 905 181 981 bus,
194 913 328 989 repente
340 906 527 990 eTrojanis
536 907 684 988 pessimo
697 925 790 972 more
802 905 1068 983 intercederetur,
1078 925 1194 972 rursus

103 1005 223 1087 globus
251 1008 465 1072 barbarorum
493 1008 647 1089 ingruens
671 1005 898 1072 Alexandrum
920 1006 1073 1070 emedio
1097 1007 1195 1090 rupit

103 1105 185 1188 [41.]
206 1105 343 1172 Interim
358 1110 393 1171 in
409 1127 452 1172 ea
465 1109 698 1190 permixtione,
713 1109 792 1170 dum
806 1109 1089 1186 rennuentem,
1105 1107 1195 1174 Pan-

103 1207 205 1272 darus
229 1210 349 1290 procul
373 1216 498 1283 estens,
525 1208 646 1270 multos
671 1206 864 1270 Graecorum
894 1209 1025 1288 sagittis
1050 1209 1194 1289 configit.

103 1297 231 1392 Neque
250 1309 346 1388 prius
370 1306 449 1368 finis
471 1306 594 1381 tectus,
622 1323 721 1387 quam
746 1305 935 1374 Diomedes,
955 1306 1125 1368 atrocitate
1150 1309 1198 1370 rei

100 1413 509 1487 motus,sprogressusque
535 1404 688 1488 eominus
714 1405 784 1468 telo
809 1404 938 1470 bostem
952 1391 1201 1488 prosterneret·

102 1507 186 1574 Hoc
201 1504 305 1588 modo
327 1503 499 1568 Pendems
519 1505 707 1570 certaminis
720 1505 846 1570 foedere
861 1506 1002 1582 violato,
1025 1511 1127 1588 atque
1149 1505 1201 1568 in·

102 1605 253 1670 teremtis
267 1603 391 1680 multis,
413 1603 458 1668 ed
471 1611 674 1687 postremum
689 1625 810 1688 poenas
826 1607 1097 1671 sceleratissime
1112 1607 1199 1671 mili·

105 1705 187 1771 tiaet
208 1706 279 1770 luit.
324 1704 474 1770 Ceterum
490 1724 613 1787 corpus
628 1705 701 1788 ejus
715 1704 892 1770 liberatum
915 1725 958 1770 ex
980 1707 1079 1770 ecie‘
1103 1707 1199 1772 Prie·

104 1806 206 1870 midae
221 1807 289 1888 igni
300 1813 468 1872 crement:
491 1806 717 1889 reliquiasque
729 1807 814 1871 socii
828 1807 967 1870 traditas
982 1806 1047 1869 sibi
1060 1805 1199 1887 Lyciam

105 1908 140 1971 iu
154 1906 264 1986 solum
278 1906 422 1989 petrium
436 1905 611 1988 pertulere.
654 1906 788 1972 Interim
804 1911 940 1989 uterque
951 1906 1122 1969 exereitus
1135 1906 1200 1986 sig·

106 2026 149 2071 no
165 2005 384 2070 deto'manus
406 2011 606 2070 conserunt:
628 2011 880 2089 pugnantesque
895 2007 929 2070 vi
953 2025 1082 2070 summa
1096 2011 1202 2088 etque

108 2108 244 2190 ancipiti
272 2106 405 2171 fortune
434 2103 590 2182 bellum⁶
627 2106 671 2170 ad
702 2125 860 2170 oceasum
889 2105 973 2170 solis
1002 2103 1199 2189 producunt.

108 2207 175 2270 Sed
198 2207 259 2271 ubi
280 2225 352 2270 uox
378 2206 591 2282 adventabat,
616 2207 770 2290 utrinque
797 2224 894 2287 reges
924 2205 1091 2269 subducte
1112 2205 1202 2270 haud

108 2307 207 2390 longe
223 2309 309 2385 soie,
324 2306 520 2372 custodibus
544 2305 671 2370 idoneis
686 2307 855 2370 exereitus
869 2297 1114 2371 communiere.⁴
1148 2303 1201 2372 lta

108 2427 170 2490 per
192 2409 322 2491 aliquot
341 2408 412 2473 dies
434 2414 564 2489 tempus
583 2406 727 2484 bellandi
749 2407 967 2489 opperientes,
988 2404 1126 2472 militem
1140 2404 1203 2468 ire-

110 2514 262 2591 queutem
278 2516 463 2573 armatum⁹
484 2508 608 2592 frustra
628 2509 795 2572 habuere·
840 2508 996 2590 Namque
1010 2508 1202 2594 ubibyoms

109 2834 159 2878 -8
170 2829 257 2878 Deest
265 2833 347 2876 eontra
358 2827 383 2876 in
392 2827 537 2892 Delpb.-9
548 2825 643 2889 Delpb
651 2826 807 2874 nam-1
820 2815 1043 2888 Delpbsssnmte
1052 2837 1075 2872 u·
1084 2838 1107 2886 q.
1116 2838 1140 2886 q·
1151 2828 1169 2873 t.
1178 2839 1205 2872 a.

142 3114 273 3177 sergent
293 3112 403 3164 Punduri
424 3115 572 3178 vulneretnt]
599 3113 640 3160 Ex
681 3109 855 3169 nimumdieit,
873 3101 934 3172 qnia
949 3106 1208 3166 foederuvielavernt,

111 3191 231 3241 Homero
239 3189 287 3238 boe
296 3202 407 3251 qnoque,
416 3189 460 3235 sed
470 3189 642 3237 immutatum.
682 3185 829 3234 Menelaum
839 3181 1004 3231 vulnerando.

112 3266 212 3318 Scribit
224 3265 291 3314 enim
307 3263 437 3313 Homerus
454 3269 514 3324 port
529 3273 643 3324 pugnem
714 3257 878 3306 ‘bibentem
896 3271 926 3303 ee
945 3253 1007 3314 nete]
1030 3253 1084 3301 Per
1094 3251 1209 3312 Enete»,

112 3341 228 3394 Menelai
245 3347 274 3390 et
289 3338 403 3402 Paridis,
420 3351 478 3386 enrn
496 3351 528 3385 ex
546 3334 643 3384 foedere
683 3330 805 3395 quemibi
817 3330 894 3382 etiem
904 3326 1042 3380 Diomedes
1054 3325 1211 3390 lapideper·

114 3417 202 3468 Greci
220 3415 347 3465 Helenam
366 3418 524 3476 repeterent,
540 3409 643 3459 Peuda·
684 3405 773 3456 cussit.

114 3507 172 3542 rum·
180 3491 304 3556 Lyetnuis
313 3489 403 3551 filiurn,
411 3497 440 3540 ut
449 3487 556 3538 violaret
564 3485 642 3534 fidum
713 3479 726 3514 ‘¹
744 3477 849 3544 Bellen]
865 3478 998 3530 ‘Bellum’
1010 3478 1073 3527 dieit
1085 3492 1131 3541 pro
1144 3493 1211 3542 pug-

114 3567 230 3621 snederb,
251 3567 277 3613 in
295 3565 442 3614 Menelaum
462 3564 559 3612 bustam
580 3561 642 3610 emi·
682 3570 724 3607 ιιι.
756 3557 799 3606 De
810 3570 842 3605 eu
852 3554 912 3605 ride
922 3555 1030 3604 Homer.
1041 3553 1116 3602 llied.
1127 3559 1154 3602 ῑ.

114 3642 191 3700 sisse,
210 3653 277 3701 qna,
300 3639 404 3688 tlroreee
423 3639 576 3701 cinguloque
595 3649 639 3698 pe·
715 3640 727 3666 ²
750 3632 905 3694 frequentem
930 3634 1046 3679 ermetem
1068 3629 1107 3690 [ιίι
1132 3629 1210 3690 erno]

115 3714 225 3772 netrntis
238 3715 304 3775 ejus,
312 3719 410 3764 tuntum
419 3727 541 3764 summam
554 3723 640 3761 aurem
677 3705 773 3766 Μέγα
797 3705 907 3767 tabuere]
944 3703 1065 3762 ΜιΙίιιι,ί
1082 3701 1114 3748 In
1133 3702 1210 3750 armis

117 3787 280 3856 perstrinxit.
305 3786 381 3834 lllnm
394 3787 461 3849 ride,
472 3787 505 3838 lt
516 3794 549 3838 Δ.
683 3778 782 3830 frustra
798 3777 936 3829 hebuerer’
963 3778 1071 3826 militem
1091 3775 1211 3840 frequen·

148 3863 248 3920 ¹Quod
264 3858 365 3920 duobus]
390 3858 538 3909 Alexandro
550 3865 577 3909 et
586 3857 644 3908 Me·
685 3861 739 3906 tem
750 3855 864 3904 habuere
875 3854 902 3902 iu
913 3853 1006 3914 ermie3
1021 3851 1090 3916 qnod
1103 3852 1210 3901 Latinis·

120 3941 204 3992 noluo.
685 3930 776 3980 nimum
788 3936 838 3979 eet.
862 3929 957 3978 Potest
969 3934 1054 3977 temen
1066 3925 1138 3982 t'erri,
1147 3929 1155 3956 ⁸
1163 3928 1210 3976 mi·

153 4023 165 4048 ¹
182 4014 294 4064 coninua
307 4013 354 4060 telo
372 4009 461 4058 bostem
477 4005 646 4072 prosterneret]
686 4007 725 4056 les
733 4003 854 4068 frequent
865 4002 891 4052 in
901 4017 972 4052 mure
980 4001 996 4063 ς’
1007 4001 1076 4064 apud
1086 4001 1212 4052 Nostrum

123 4087 325 4139 Homlliedffi.
537 4097 538 4104 ¹
688 4079 968 4144 praecipue,equouon
980 4077 1212 4143 eetexigendeb'e·

155 4161 366 4212 bScelerntbn'nne
375 4159 481 4222 militie]
496 4158 647 4210 Sceleratis·
689 4155 736 4208 tini
747 4154 870 4206 sermonis
884 4153 987 4219 puritas.
1189 4175 1192 4181 ·
