3036 4918
287 276 332 344 28
548 291 627 340 ruo.
652 288 842 338 rnnrzouu
870 287 1118 338 ntsssnnrnro

288 434 379 498 siem
394 429 535 510 Helena,
548 431 670 496 luerint
683 435 803 514 raptae,
822 436 858 494 ct
878 427 956 494 ideo
977 429 1104 512 potius,
1118 433 1278 510 tanquam
1293 426 1386 492 uilia

288 535 489 616 corporato
510 534 699 600 servitutem
722 531 892 596 videantur
913 529 1080 606 abductae,
1094 528 1171 612 quis
1186 527 1259 592 haec
1276 529 1385 592 verba

286 633 434 698 historia
447 652 551 717 parce
567 633 655 698 adeo
670 632 840 715 exposite
862 630 961 696 aliter
982 631 1162 712 acciperet,
1183 647 1284 711 quam
1301 627 1385 692 Me-

287 733 421 800 nelaum
434 731 542 800 luisse
557 735 668 798 animo
683 737 929 798 consternatum
945 732 990 796 ob
1005 730 1169 814 iujuriam,
1183 748 1283 814 quam
1299 749 1386 814 pas·

286 855 334 900 ste
348 834 470 900 luerint
484 855 525 900 co
539 840 636 916 raptu
651 833 799 897 illustres
813 832 880 896 illm
891 831 1063 896 ioemintel
1094 828 1139 894 Et
1158 831 1259 894 miror
1282 849 1384 907 saue,

286 933 368 999 nihil
383 952 519 1016 prorsus
540 935 638 998 isthic
654 953 675 997 a
690 950 857 1014 quoquam
873 951 915 996 ea
930 931 971 996 de
985 949 1020 996 re
1034 937 1241 996 annotatum·
1285 929 1384 995 Nam

287 1039 375 1100 certe
388 1035 490 1116 louge
503 1035 599 1098 aliter
611 1053 647 1098 se
662 1053 716 1098 res
734 1033 865 1110 habuit,
882 1037 916 1098 et
931 1032 1072 1098 Graccus
1087 1031 1144 1096 illo
1165 1023 1286 1114 Dictys
1311 1031 1385 1096 lris·

287 1135 409 1198 toriam
424 1134 521 1212 hauc,
536 1153 600 1198 non
624 1134 718 1198 aliter
729 1132 876 1217 quidem,
896 1132 954 1198 sed
973 1133 1147 1214 copiosius
1162 1137 1271 1196 tamen
1285 1151 1384 1196 enar·

287 1237 384 1314 ravit,
399 1235 478 1301 dum
493 1254 557 1300 nou
573 1236 698 1315 omisit,
713 1241 751 1302 ut
762 1242 873 1300 noster
887 1234 1084 1318 Septimius,
1097 1233 1383 1312 circumstantias,

288 1355 335 1400 ex
357 1337 479 1417 quibus
501 1337 593 1401 illius
615 1335 792 1419 ‘injuriae’
813 1342 848 1400 et
873 1333 1193 1400 ‘consternationis’
1215 1333 1302 1398 ratio
1318 1353 1384 1416 ap·

286 1441 431 1517 pareret.
476 1433 576 1515 Nam,
602 1439 639 1498 ut
667 1455 711 1499 ex
741 1432 872 1499 Malela
898 1432 1053 1498 nummus
1076 1435 1134 1500 lib.
1151 1451 1186 1498 ν.
1209 1453 1287 1516 pag.
1303 1436 1382 1500 119.

288 1533 386 1598 Puris
400 1553 461 1617 per
475 1534 624 1600 AEtlrram
638 1542 674 1599 et
688 1533 867 1620 Clymenen
888 1535 1057 1617 ‘corrupit
1071 1533 1081 1562 '
1102 1533 1294 1620 (traditura)
1309 1535 1385 1600 He·

287 1637 406 1714 lenum,
423 1641 456 1699 et
469 1636 518 1700 ita
542 1636 626 1700 ultro
649 1636 702 1700 hm
723 1635 880 1701 mulieres
895 1654 972 1700 cum
993 1635 1128 1702 Helena
1142 1635 1185 1701 de
1208 1635 1331 1700 Paride
1345 1638 1382 1700 in

286 1735 398 1819 lugam
422 1755 460 1801 se
483 1737 655 1802 dederunt.
699 1735 791 1800 Hinc
812 1735 884 1818 jam
906 1737 996 1819 apud
1020 1734 1182 1802 Mulelam
1211 1757 1288 1820 pag.
1304 1738 1383 1802 120.

288 1834 476 1915 Menelaus,
487 1857 561 1902 cnm
574 1839 792 1903 intellexisset
805 1837 892 1902 huuc
906 1845 1038 1922 raptum
1054 1843 1086 1902 et
1100 1836 1224 1920 lugam,
1239 1838 1331 1931 stetit
1345 1842 1383 1902 et

287 1937 407 2000 mansit
422 1938 629 2019 aliquamdiu
657 1944 819 2022 ‘stupore
834 1938 967 2004 defixus
975 1938 995 2004 τ’
1014 1937 1087 2002 nti
1108 1943 1170 2026 γὰρ
1192 1938 1307 2015 ἐλυπήθη
1331 1939 1382 1999 διὰ

286 2037 336 2112 τὴν
359 2033 471 2120 Αἴθραν·
501 2034 532 2114 ἦν
554 2041 615 2123 γὰρ
642 2037 753 2124 ἔχουσα
774 2037 911 2117 ὑπόληψιν
935 2039 1001 2126 παρ’
1023 2043 1101 2124 αὐτῷ
1122 2039 1264 2126 anteponor
1285 2037 1381 2102 advo:

286 2139 447 2203 ‘multum
459 2140 545 2204 enim
568 2141 679 2206 animo
693 2137 889 2206 ‘commotus
913 2149 967 2204 cst
989 2143 1023 2203 in
1038 2138 1232 2216 tristitiam,'
1246 2141 1382 2204 scilicet

287 2239 358 2311 irae,
368 2243 522 2319 ‘propter
531 2239 699 2301 AEthram:
710 2239 1009 2302 excitaveratenim
1022 2239 1081 2301 illa
1090 2238 1155 2300 sibi
1167 2238 1256 2320 apud
1265 2241 1381 2323 ipsum

287 2335 569 2399 existimationem
582 2337 728 2400 foeminae
743 2355 879 2419 prorsus
891 2345 995 2402 castre
1009 2346 1044 2401 et
1057 2337 1194 2419 probat?
1216 2339 1380 2403 Videmus

287 2434 375 2509 hinc,
402 2453 504 2516 quare
526 2435 576 2498 ita
599 2436 723 2500 ‘multo
753 2436 896 2518 amplius
915 2437 959 2500 ob
981 2437 1134 2517 injuriam
1158 2455 1291 2499 suarum
1308 2439 1383 2502 affi-

286 2536 378 2600 nium
400 2536 650 2602 cousternatus’
671 2538 769 2604 suerit
791 2536 978 2630 Menelaus,
997 2547 1065 2600 tum
1093 2555 1171 2618 quoe
1195 2535 1256 2600 illa
1278 2536 1384 2604 suerit

285 2655 398 2702 aarum
413 2637 576 2722 ‘injuria'
596 2641 740 2719 scilicet,
763 2661 828 2706 nou
853 2659 954 2723 quarn
980 2657 1092 2724 passae
1116 2658 1137 2702 a
1162 2638 1295 2714 Paride,
1316 2641 1379 2703 sed

176 2761 181 2770 ·
287 2759 389 2820 quam
402 2740 550 2804 secarunt
573 2741 743 2817 Menelao,
758 2743 838 2806 dum
859 2741 977 2806 furtivi
992 2741 1114 2806 amoris
1128 2739 1212 2802 inter
1226 2739 1325 2803 Parin
1341 2749 1378 2804 ot

288 2837 453 2900 Helenam
468 2836 598 2899 inerunt
611 2839 820 2902 internuntiae
835 2846 868 2901 et
879 2841 1132 2912 conciliatrices,
1144 2858 1185 2901 ac
1194 2838 1270 2900 dein
1284 2835 1374 2918 fu'goe

287 2935 470 3024 adjutrices
486 2943 522 2998 et
537 2938 684 3014 comitae,
700 2939 792 3018 quod
805 2945 840 3002 et
854 2936 999 3001 Ovidius
1013 2941 1047 3000 iu
1064 2938 1225 3019 Epistolis
1242 2939 1374 3003 Paridis

292 3042 326 3100 et
340 3036 491 3100 Helenes
513 3037 600 3100 hand
627 3038 767 3101 obscure
790 3037 970 3120 significat,
985 3037 1045 3102 scd
1061 3038 1157 3121 cujus
1174 3040 1299 3102 nullam
1322 3041 1375 3102 vel

286 3137 456 3204 minimam
481 3138 552 3200 suis
584 3138 764 3202 lectoribus
790 3137 904 3221 injecit
933 3138 1159 3219 suspicionem
1193 3139 1375 3221 Septimius

286 3243 408 3314 noster,
432 3238 670 3318 praetermissa,
692 3258 768 3320 quae
799 3237 842 3302 ad
865 3239 1011 3301 historiar
1035 3246 1070 3301 et
1099 3238 1265 3322 ‘iujuriae'
1286 3240 1375 3302 illius

286 3336 510 3417 cognitionem
525 3340 721 3418 pertinebat,
749 3340 995 3403 circumstantia
1015 3358 1154 3420 prorsus
1176 3341 1375 3415 necessario,

286 3454 451 3521 quamque
464 3434 541 3499 ideo
554 3431 696 3502 Graecus
713 3439 843 3521 Dictys,
858 3444 894 3500 et
909 3439 1059 3520 quicum
1074 3441 1168 3522 sequi
1184 3460 1221 3503 sc
1241 3441 1375 3522 profite-

286 3543 349 3616 tur,
366 3536 519 3614 Malelns,
533 3538 666 3602 minime
681 3539 851 3622 praeteriit.

330 3654 402 3701 xri.
426 3637 465 3700 lu
481 3639 681 3720 quibusdam
697 3647 805 3704 tamen
819 3640 920 3704 etiam
937 3641 972 3702 in
987 3640 1132 3717 diversa,
1143 3648 1179 3704 ut
1193 3640 1276 3716 dixi,
1289 3642 1375 3704 abiit

287 3758 308 3802 a
330 3745 445 3804 nostro
468 3738 632 3822 Septimlo
648 3739 793 3804 Malelas
814 3739 1014 3823 ista-atque
1036 3741 1167 3807 odensi
1189 3741 1300 3804 omnia
1313 3761 1375 3804 sua

286 3859 332 3904 cx
367 3841 490 3922 Dictys
520 3843 649 3918 sumsit,
678 3841 782 3906 alium
805 3846 937 3923 oportet
958 3843 1116 3906 habuisse
1137 3860 1213 3904 eum
1239 3842 1374 3924 Dictyn,

285 3959 386 4024 quam
399 3941 523 4014 ,habuit
544 3943 739 4024 Septimius.
784 3941 892 4007 Immo
905 3963 984 4007 vero
1006 3961 1073 4006 non
1096 3941 1235 4006 exsulo
1252 3941 1375 4024 Dictye

286 4057 383 4106 suam
408 4041 464 4106 illo
493 4044 738 4126 consarcinavit
758 4063 868 4108 rerum
887 4043 1109 4127 Trojanarum
1139 4040 1374 4118 narrationem,
