<?xml version="1.0" encoding="UTF-8"?>
<!DOCTYPE html PUBLIC "-//W3C//DTD XHTML 1.0 Transitional//EN"
    "http://www.w3.org/TR/xhtml1/DTD/xhtml1-transitional.dtd">
<html xmlns="http://www.w3.org/1999/xhtml" xml:lang="en" lang="en">
 <head>
  <title>
</title>
<meta http-equiv="Content-Type" content="text/html;charset=utf-8" />
  <meta name='ocr-system' content='tesseract 3.04.00' />
  <meta name='ocr-capabilities' content='ocr_page ocr_carea ocr_par ocr_line ocrx_word'/>
</head>
<body>
  <div class='ocr_page' id='page_1' title='image "./dictyscretensis00smidgoog_0315.png"; bbox 0 0 3052 4900; ppageno 0'>
   <div class='ocr_carea' id='block_1_1' title="bbox 651 640 690 686">
    <p class='ocr_par' dir='ltr' id='par_1_1' title="bbox 651 640 690 686">
     <span class='ocr_line' id='line_1_1' title="bbox 651 640 690 686; baseline 0 0"><span class='ocrx_word' id='word_1_1' title='bbox 651 640 690 686; x_wconf 87' lang='grc' dir='ltr'>ΙΝ</span> 
     </span>
    </p>
   </div>
   <div class='ocr_carea' id='block_1_2' title="bbox 289 867 1105 965">
    <p class='ocr_par' dir='ltr' id='par_1_2' title="bbox 289 867 1105 965">
     <span class='ocr_line' id='line_1_2' title="bbox 289 867 1105 965; baseline 0.01 -10"><span class='ocrx_word' id='word_1_2' title='bbox 289 867 632 957; x_wconf 82' lang='lat' dir='ltr'>DARETEM.</span> <span class='ocrx_word' id='word_1_3' title='bbox 672 871 1048 965; x_wconf 85' lang='lat' dir='ltr'>PHRYGIUM</span> <span class='ocrx_word' id='word_1_4' title='bbox 1101 885 1105 892; x_wconf 84' lang='lat'>&#39;</span> 
     </span>
    </p>
   </div>
   <div class='ocr_carea' id='block_1_3' title="bbox 487 1135 838 1211">
    <p class='ocr_par' dir='ltr' id='par_1_3' title="bbox 487 1135 838 1211">
     <span class='ocr_line' id='line_1_3' title="bbox 487 1135 838 1211; baseline 0.003 -2"><span class='ocrx_word' id='word_1_5' title='bbox 487 1135 838 1211; x_wconf 84' lang='lat' dir='ltr'><strong>PRAEFATIO</strong></span> 
     </span>
    </p>
   </div>
   <div class='ocr_carea' id='block_1_4' title="bbox 202 1343 1114 1478">
    <p class='ocr_par' dir='ltr' id='par_1_4' title="bbox 202 1343 1114 1478">
     <span class='ocr_line' id='line_1_4' title="bbox 202 1343 1114 1478; baseline 0.005 -40"><span class='ocrx_word' id='word_1_6' title='bbox 202 1343 368 1439; x_wconf 64' lang='lat' dir='ltr'><strong>&#39;ANNAE</strong></span> <span class='ocrx_word' id='word_1_7' title='bbox 407 1374 714 1457; x_wconf 62' lang='lat' dir='ltr'>mammam</span> <span class='ocrx_word' id='word_1_8' title='bbox 761 1377 911 1478; x_wconf 65' lang='lat' dir='ltr'>From</span> <span class='ocrx_word' id='word_1_9' title='bbox 960 1379 1114 1444; x_wconf 78' lang='lat' dir='ltr'>marm.</span> 
     </span>
    </p>
   </div>
   <div class='ocr_carea' id='block_1_5' title="bbox 113 1831 1222 2510">
    <p class='ocr_par' dir='ltr' id='par_1_5' title="bbox 113 1831 1222 2510">
     <span class='ocr_line' id='line_1_5' title="bbox 117 1831 1207 1938; baseline 0.002 -18"><span class='ocrx_word' id='word_1_10' title='bbox 117 1831 183 1920; x_wconf 79' lang='lat' dir='ltr'>Ur</span> <span class='ocrx_word' id='word_1_11' title='bbox 198 1877 228 1917; x_wconf 89' lang='lat' dir='ltr'>re</span> <span class='ocrx_word' id='word_1_12' title='bbox 241 1877 310 1918; x_wconf 86' lang='lat' dir='ltr'>vera</span> <span class='ocrx_word' id='word_1_13' title='bbox 322 1839 377 1919; x_wconf 72' lang='lat' dir='ltr'>sciit</span> <span class='ocrx_word' id='word_1_14' title='bbox 391 1859 461 1918; x_wconf 93' lang='lat' dir='ltr'>olim</span> <span class='ocrx_word' id='word_1_15' title='bbox 476 1858 580 1936; x_wconf 80' lang='lat' dir='ltr'>Dictys</span> <span class='ocrx_word' id='word_1_16' title='bbox 595 1856 645 1935; x_wconf 88' lang='lat' dir='ltr'>qui</span> <span class='ocrx_word' id='word_1_17' title='bbox 659 1875 706 1916; x_wconf 86' lang='lat' dir='ltr'>res</span> <span class='ocrx_word' id='word_1_18' title='bbox 720 1857 840 1916; x_wconf 77' lang='lat' dir='ltr'>Troicos</span> <span class='ocrx_word' id='word_1_19' title='bbox 855 1857 1041 1938; x_wconf 86' lang='lat' dir='ltr'>conscripsit,</span> <span class='ocrx_word' id='word_1_20' title='bbox 1052 1859 1107 1919; x_wconf 79' lang='lat' dir='ltr'>suit</span> <span class='ocrx_word' id='word_1_21' title='bbox 1121 1862 1207 1921; x_wconf 90' lang='lat' dir='ltr'>etiam</span> 
     </span>
     <span class='ocr_line' id='line_1_6' title="bbox 117 1952 1208 2036; baseline 0.002 -24"><span class='ocrx_word' id='word_1_22' title='bbox 117 1963 146 2013; x_wconf 91' lang='lat' dir='ltr'>et</span> <span class='ocrx_word' id='word_1_23' title='bbox 161 1953 256 2013; x_wconf 82' lang='lat' dir='ltr'>Dares</span> <span class='ocrx_word' id='word_1_24' title='bbox 270 1953 417 2035; x_wconf 86' lang='lat' dir='ltr'>Phrygius</span> <span class='ocrx_word' id='word_1_25' title='bbox 431 1955 481 2033; x_wconf 91' lang='lat' dir='ltr'>qui</span> <span class='ocrx_word' id='word_1_26' title='bbox 497 1953 653 2033; x_wconf 79' lang='lat' dir='ltr'>Phrygiam</span> <span class='ocrx_word' id='word_1_27' title='bbox 669 1952 789 2012; x_wconf 83' lang='lat' dir='ltr'>Iliadem</span> <span class='ocrx_word' id='word_1_28' title='bbox 801 1953 882 2016; x_wconf 84' lang='lat' dir='ltr'>fecit.</span> <span class='ocrx_word' id='word_1_29' title='bbox 923 1954 1020 2014; x_wconf 86' lang='lat' dir='ltr'>Aede</span> <span class='ocrx_word' id='word_1_30' title='bbox 1041 1954 1129 2036; x_wconf 82' lang='lat' dir='ltr'>Dicty</span> <span class='ocrx_word' id='word_1_31' title='bbox 1143 1957 1208 2035; x_wconf 90' lang='lat' dir='ltr'>qui-</span> 
     </span>
     <span class='ocr_line' id='line_1_7' title="bbox 116 2047 1209 2126; baseline 0.003 -19"><span class='ocrx_word' id='word_1_32' title='bbox 116 2048 184 2108; x_wconf 88' lang='lat' dir='ltr'>dem</span> <span class='ocrx_word' id='word_1_33' title='bbox 193 2047 256 2126; x_wconf 89' lang='lat' dir='ltr'>jam</span> <span class='ocrx_word' id='word_1_34' title='bbox 272 2068 326 2109; x_wconf 89' lang='lat' dir='ltr'>suo</span> <span class='ocrx_word' id='word_1_35' title='bbox 340 2050 407 2110; x_wconf 91' lang='lat' dir='ltr'>loco</span> <span class='ocrx_word' id='word_1_36' title='bbox 420 2050 532 2109; x_wconf 90' lang='lat' dir='ltr'>dictum</span> <span class='ocrx_word' id='word_1_37' title='bbox 547 2057 610 2114; x_wconf 71' lang='lat' dir='ltr'>ectr</span> <span class='ocrx_word' id='word_1_38' title='bbox 632 2047 781 2107; x_wconf 85' lang='lat' dir='ltr'>veniamus</span> <span class='ocrx_word' id='word_1_39' title='bbox 795 2049 884 2126; x_wconf 86' lang='lat' dir='ltr'>igitar</span> <span class='ocrx_word' id='word_1_40' title='bbox 898 2048 936 2108; x_wconf 91' lang='lat' dir='ltr'>ad</span> <span class='ocrx_word' id='word_1_41' title='bbox 952 2049 1100 2110; x_wconf 88' lang='lat' dir='ltr'>Daretem.</span> <span class='ocrx_word' id='word_1_42' title='bbox 1141 2051 1209 2112; x_wconf 85' lang='lat' dir='ltr'>Fuit</span> 
     </span>
     <span class='ocr_line' id='line_1_8' title="bbox 115 2143 1207 2224; baseline 0.005 -22"><span class='ocrx_word' id='word_1_43' title='bbox 115 2144 140 2202; x_wconf 89' lang='lat' dir='ltr'>is</span> <span class='ocrx_word' id='word_1_44' title='bbox 155 2163 172 2202; x_wconf 89' lang='lat' dir='ltr'>e</span> <span class='ocrx_word' id='word_1_45' title='bbox 186 2144 335 2224; x_wconf 75' lang='lat' dir='ltr'>Phrygia:</span> <span class='ocrx_word' id='word_1_46' title='bbox 355 2163 457 2224; x_wconf 87' lang='lat' dir='ltr'>quare,</span> <span class='ocrx_word' id='word_1_47' title='bbox 470 2143 662 2222; x_wconf 87' lang='lat' dir='ltr'>Trojanorum</span> <span class='ocrx_word' id='word_1_48' title='bbox 676 2153 773 2222; x_wconf 86' lang='lat' dir='ltr'>partes</span> <span class='ocrx_word' id='word_1_49' title='bbox 789 2154 918 2214; x_wconf 83' lang='lat' dir='ltr'>secutus,</span> <span class='ocrx_word' id='word_1_50' title='bbox 940 2145 1060 2205; x_wconf 83' lang='lat' dir='ltr'>Hectori</span> <span class='ocrx_word' id='word_1_51' title='bbox 1082 2147 1207 2207; x_wconf 86' lang='lat' dir='ltr'>monitor</span> 
     </span>
     <span class='ocr_line' id='line_1_9' title="bbox 115 2237 1222 2319; baseline 0.005 -25"><span class='ocrx_word' id='word_1_52' title='bbox 115 2237 203 2296; x_wconf 86' lang='lat' dir='ltr'>datus</span> <span class='ocrx_word' id='word_1_53' title='bbox 218 2250 274 2298; x_wconf 89' lang='lat' dir='ltr'>est.</span> <span class='ocrx_word' id='word_1_54' title='bbox 316 2239 495 2299; x_wconf 82' lang='lat' dir='ltr'>Ptolemaeus</span> <span class='ocrx_word' id='word_1_55' title='bbox 510 2237 705 2316; x_wconf 83' lang='lat' dir='ltr'>Hephaestion</span> <span class='ocrx_word' id='word_1_56' title='bbox 720 2237 770 2297; x_wconf 85' lang='lat' dir='ltr'>lib.</span> <span class='ocrx_word' id='word_1_57' title='bbox 787 2259 811 2298; x_wconf 88' lang='lat'>1.</span> <span class='ocrx_word' id='word_1_58' title='bbox 852 2239 1035 2316; x_wconf 69' lang='grc' dir='ltr'>Ἀντίπατρος</span> <span class='ocrx_word' id='word_1_59' title='bbox 1049 2239 1081 2299; x_wconf 79' lang='grc' dir='ltr'>δέ</span> <span class='ocrx_word' id='word_1_60' title='bbox 1094 2255 1178 2319; x_wconf 76' lang='grc' dir='ltr'>φησιν</span> <span class='ocrx_word' id='word_1_61' title='bbox 1191 2245 1222 2300; x_wconf 85' lang='grc' dir='ltr'>ὁ-</span> 
     </span>
     <span class='ocr_line' id='line_1_10' title="bbox 113 2333 1207 2414; baseline 0.005 -23"><span class='ocrx_word' id='word_1_62' title='bbox 113 2333 273 2406; x_wconf 76' lang='grc' dir='ltr'>Ἀκάνθιοε,</span> <span class='ocrx_word' id='word_1_63' title='bbox 285 2335 397 2411; x_wconf 65' lang='lat' dir='ltr'>deipara</span> <span class='ocrx_word' id='word_1_64' title='bbox 409 2336 461 2412; x_wconf 84' lang='grc' dir='ltr'>πρὸ</span> <span class='ocrx_word' id='word_1_65' title='bbox 473 2335 600 2413; x_wconf 77' lang='grc' dir='ltr'>Ὀμήρου</span> <span class='ocrx_word' id='word_1_66' title='bbox 614 2335 766 2408; x_wconf 76' lang='grc' dir='ltr'>γ’ράψαντα</span> <span class='ocrx_word' id='word_1_67' title='bbox 779 2338 829 2414; x_wconf 67' lang='grc' dir='ltr'>ζῆν</span> <span class='ocrx_word' id='word_1_68' title='bbox 841 2333 949 2394; x_wconf 77' lang='grc' dir='ltr'>Ἰλιάδα</span> <span class='ocrx_word' id='word_1_69' title='bbox 962 2339 1091 2414; x_wconf 70' lang='grc' dir='ltr'>μνήμονα</span> <span class='ocrx_word' id='word_1_70' title='bbox 1106 2344 1207 2411; x_wconf 76' lang='grc' dir='ltr'>γενέσ-</span> 
     </span>
     <span class='ocr_line' id='line_1_11' title="bbox 115 2429 1207 2510; baseline 0.005 -24"><span class='ocrx_word' id='word_1_71' title='bbox 115 2430 300 2506; x_wconf 61' lang='grc' dir='ltr'><strong><em>θαιἜκτοροε</em></strong></span> <span class='ocrx_word' id='word_1_72' title='bbox 313 2433 381 2507; x_wconf 77' lang='grc' dir='ltr'><strong>ὑπὲρ</strong></span> <span class='ocrx_word' id='word_1_73' title='bbox 394 2439 442 2490; x_wconf 78' lang='lat' dir='ltr'>rori</span> <span class='ocrx_word' id='word_1_74' title='bbox 454 2435 492 2508; x_wconf 75' lang='grc' dir='ltr'>μὴ</span> <span class='ocrx_word' id='word_1_75' title='bbox 506 2434 622 2490; x_wconf 78' lang='grc' dir='ltr'>ἀνελεῖν</span> <span class='ocrx_word' id='word_1_76' title='bbox 633 2429 798 2504; x_wconf 82' lang='grc' dir='ltr'>Πάτροκλον</span> <span class='ocrx_word' id='word_1_77' title='bbox 812 2433 923 2508; x_wconf 76' lang='grc' dir='ltr'><em>ἑταῖρον</em></span> <span class='ocrx_word' id='word_1_78' title='bbox 939 2429 1102 2510; x_wconf 73' lang='grc' dir='ltr'><strong>Ἀχιλλέος.</strong></span> <span class='ocrx_word' id='word_1_79' title='bbox 1140 2433 1207 2492; x_wconf 76' lang='grc' dir='ltr'>Απ-</span> 
     </span>
    </p>
   </div>
   <div class='ocr_carea' id='block_1_6' title="bbox 115 2525 1306 2602">
    <p class='ocr_par' dir='ltr' id='par_1_6' title="bbox 115 2525 1306 2602">
     <span class='ocr_line' id='line_1_12' title="bbox 115 2525 1306 2602; baseline 0.003 -21"><span class='ocrx_word' id='word_1_80' title='bbox 115 2527 227 2601; x_wconf 83' lang='lat' dir='ltr'>tipater</span> <span class='ocrx_word' id='word_1_81' title='bbox 247 2534 343 2585; x_wconf 79' lang='lat' dir='ltr'>autem</span> <span class='ocrx_word' id='word_1_82' title='bbox 354 2525 524 2586; x_wconf 71' lang='lat' dir='ltr'>Acanthius</span> <span class='ocrx_word' id='word_1_83' title='bbox 545 2527 641 2586; x_wconf 83' lang='lat' dir='ltr'>tradit</span> <span class='ocrx_word' id='word_1_84' title='bbox 663 2527 802 2586; x_wconf 70' lang='lat' dir='ltr'>Dorctem</span> <span class='ocrx_word' id='word_1_85' title='bbox 814 2546 887 2597; x_wconf 78' lang='lat' dir='ltr'>eom,</span> <span class='ocrx_word' id='word_1_86' title='bbox 902 2528 953 2602; x_wconf 80' lang='lat' dir='ltr'>qai</span> <span class='ocrx_word' id='word_1_87' title='bbox 965 2535 1035 2584; x_wconf 80' lang='lat' dir='ltr'>onte</span> <span class='ocrx_word' id='word_1_88' title='bbox 1051 2527 1206 2586; x_wconf 82' lang='lat' dir='ltr'><em>Homerum</em></span> <span class='ocrx_word' id='word_1_89' title='bbox 1304 2549 1306 2554; x_wconf 95' lang='lat'>·</span> 
     </span>
    </p>
   </div>
   <div class='ocr_carea' id='block_1_7' title="bbox 47 2618 1210 4119">
    <p class='ocr_par' dir='ltr' id='par_1_7' title="bbox 47 2618 1210 4119">
     <span class='ocr_line' id='line_1_13' title="bbox 114 2618 1206 2697; baseline 0.001 -21"><span class='ocrx_word' id='word_1_90' title='bbox 114 2619 238 2679; x_wconf 81' lang='lat' dir='ltr'>Iliadem</span> <span class='ocrx_word' id='word_1_91' title='bbox 252 2623 437 2696; x_wconf 76' lang='lat' dir='ltr'>conscripsit,</span> <span class='ocrx_word' id='word_1_92' title='bbox 454 2621 588 2680; x_wconf 73' lang='lat' dir='ltr'>Hectoris</span> <span class='ocrx_word' id='word_1_93' title='bbox 599 2620 770 2678; x_wconf 80' lang='lat' dir='ltr'>monitorem</span> <span class='ocrx_word' id='word_1_94' title='bbox 774 2620 893 2696; x_wconf 74' lang='lat' dir='ltr'>sactum</span> <span class='ocrx_word' id='word_1_95' title='bbox 898 2621 997 2697; x_wconf 75' lang='lat' dir='ltr'>saciare</span> <span class='ocrx_word' id='word_1_96' title='bbox 1010 2638 1046 2676; x_wconf 85' lang='lat' dir='ltr'>me</span> <span class='ocrx_word' id='word_1_97' title='bbox 1059 2621 1086 2676; x_wconf 81' lang='lat' dir='ltr'>is</span> <span class='ocrx_word' id='word_1_98' title='bbox 1100 2618 1206 2677; x_wconf 72' lang='lat' dir='ltr'>Acrit-</span> 
     </span>
     <span class='ocr_line' id='line_1_14' title="bbox 47 2711 1205 2773; baseline 0 -3"><span class='ocrx_word' id='word_1_99' title='bbox 47 2739 49 2746; x_wconf 94' lang='lat'>·</span> <span class='ocrx_word' id='word_1_100' title='bbox 113 2713 273 2772; x_wconf 73' lang='lat' dir='ltr'>dissociem</span> <span class='ocrx_word' id='word_1_101' title='bbox 288 2714 463 2772; x_wconf 78' lang='lat' dir='ltr'><strong><em>Patroclum</em></strong></span> <span class='ocrx_word' id='word_1_102' title='bbox 481 2714 633 2773; x_wconf 82' lang='lat' dir='ltr'>occideret.</span> <span class='ocrx_word' id='word_1_103' title='bbox 674 2712 786 2768; x_wconf 86' lang='lat' dir='ltr'>Eadem</span> <span class='ocrx_word' id='word_1_104' title='bbox 808 2731 845 2768; x_wconf 91' lang='lat' dir='ltr'>ex</span> <span class='ocrx_word' id='word_1_105' title='bbox 867 2712 1012 2769; x_wconf 89' lang='lat' dir='ltr'>Achantio</span> <span class='ocrx_word' id='word_1_106' title='bbox 1035 2711 1122 2769; x_wconf 78' lang='lat' dir='ltr'>refert</span> <span class='ocrx_word' id='word_1_107' title='bbox 1146 2711 1205 2770; x_wconf 64' lang='lat' dir='ltr'>Euss</span> 
     </span>
     <span class='ocr_line' id='line_1_15' title="bbox 113 2803 1205 2884; baseline -0.001 -19"><span class='ocrx_word' id='word_1_108' title='bbox 113 2807 205 2865; x_wconf 87' lang='lat' dir='ltr'>stath.</span> <span class='ocrx_word' id='word_1_109' title='bbox 221 2806 249 2862; x_wconf 87' lang='lat' dir='ltr'>in</span> <span class='ocrx_word' id='word_1_110' title='bbox 262 2805 372 2884; x_wconf 85' lang='lat' dir='ltr'>Odyss.</span> <span class='ocrx_word' id='word_1_111' title='bbox 383 2805 424 2863; x_wconf 91' lang='grc' dir='ltr'>Λ.</span> <span class='ocrx_word' id='word_1_112' title='bbox 440 2805 581 2882; x_wconf 82' lang='lat' dir='ltr'>additque</span> <span class='ocrx_word' id='word_1_113' title='bbox 592 2825 629 2864; x_wconf 82' lang='lat' dir='ltr'>ex</span> <span class='ocrx_word' id='word_1_114' title='bbox 643 2803 747 2862; x_wconf 90' lang='lat' dir='ltr'>eodem</span> <span class='ocrx_word' id='word_1_115' title='bbox 761 2804 857 2882; x_wconf 90' lang='lat' dir='ltr'>ipsum</span> <span class='ocrx_word' id='word_1_116' title='bbox 871 2805 1010 2863; x_wconf 88' lang='lat' dir='ltr'>Daretem</span> <span class='ocrx_word' id='word_1_117' title='bbox 1024 2805 1205 2884; x_wconf 75' lang='lat' dir='ltr'>transfugam</span> 
     </span>
     <span class='ocr_line' id='line_1_16' title="bbox 113 2897 1204 2978; baseline 0.001 -19"><span class='ocrx_word' id='word_1_118' title='bbox 113 2903 151 2959; x_wconf 86' lang='lat' dir='ltr'>ab</span> <span class='ocrx_word' id='word_1_119' title='bbox 168 2901 275 2978; x_wconf 86' lang='lat' dir='ltr'>Ulysse</span> <span class='ocrx_word' id='word_1_120' title='bbox 294 2899 386 2959; x_wconf 81' lang='lat' dir='ltr'>fuisse</span> <span class='ocrx_word' id='word_1_121' title='bbox 405 2901 545 2960; x_wconf 89' lang='lat' dir='ltr'>occisum.</span> <span class='ocrx_word' id='word_1_122' title='bbox 588 2897 748 2958; x_wconf 84' lang='lat' dir='ltr'>Historiam</span> <span class='ocrx_word' id='word_1_123' title='bbox 773 2907 871 2958; x_wconf 85' lang='lat' dir='ltr'>autem</span> <span class='ocrx_word' id='word_1_124' title='bbox 894 2899 1011 2959; x_wconf 84' lang='lat' dir='ltr'>Daretis</span> <span class='ocrx_word' id='word_1_125' title='bbox 1034 2919 1089 2960; x_wconf 89' lang='lat' dir='ltr'>sua</span> <span class='ocrx_word' id='word_1_126' title='bbox 1106 2900 1204 2960; x_wconf 88' lang='lat' dir='ltr'>adhuc</span> 
     </span>
     <span class='ocr_line' id='line_1_17' title="bbox 114 2992 1204 3071; baseline 0 -18"><span class='ocrx_word' id='word_1_127' title='bbox 114 3003 202 3054; x_wconf 69' lang='lat' dir='ltr'>{etate</span> <span class='ocrx_word' id='word_1_128' title='bbox 217 2994 358 3066; x_wconf 84' lang='lat' dir='ltr'>extitisse,</span> <span class='ocrx_word' id='word_1_129' title='bbox 379 2994 482 3054; x_wconf 84' lang='lat' dir='ltr'>scribit</span> <span class='ocrx_word' id='word_1_130' title='bbox 495 2993 628 3053; x_wconf 81' lang='lat' dir='ltr'>AElianus</span> <span class='ocrx_word' id='word_1_131' title='bbox 642 3011 703 3052; x_wconf 85' lang='lat' dir='ltr'>var.</span> <span class='ocrx_word' id='word_1_132' title='bbox 717 2992 819 3052; x_wconf 89' lang='lat' dir='ltr'>histor.</span> <span class='ocrx_word' id='word_1_133' title='bbox 837 3013 886 3053; x_wconf 87' lang='lat' dir='ltr'>xr.</span> <span class='ocrx_word' id='word_1_134' title='bbox 905 2997 931 3053; x_wconf 88' lang='lat'>1.</span> <span class='ocrx_word' id='word_1_135' title='bbox 965 2994 1032 3056; x_wconf 73' lang='grc' dir='ltr'>Ὀτι</span> <span class='ocrx_word' id='word_1_136' title='bbox 1052 2994 1088 3066; x_wconf 74' lang='grc' dir='ltr'>ἦν</span> <span class='ocrx_word' id='word_1_137' title='bbox 1108 2996 1204 3071; x_wconf 79' lang='grc' dir='ltr'>Ὀρσι-</span> 
     </span>
     <span class='ocr_line' id='line_1_18' title="bbox 113 3089 1204 3169; baseline -0.002 -19"><span class='ocrx_word' id='word_1_138' title='bbox 113 3091 234 3164; x_wconf 81' lang='grc' dir='ltr'>βαντίου</span> <span class='ocrx_word' id='word_1_139' title='bbox 257 3093 427 3169; x_wconf 72' lang='grc' dir='ltr'>Τροιέηνίον</span> <span class='ocrx_word' id='word_1_140' title='bbox 441 3092 493 3162; x_wconf 72' lang='grc' dir='ltr'>ἔπη</span> <span class='ocrx_word' id='word_1_141' title='bbox 512 3091 565 3167; x_wconf 79' lang='grc' dir='ltr'>πρὸ</span> <span class='ocrx_word' id='word_1_142' title='bbox 585 3090 723 3168; x_wconf 74' lang='grc' dir='ltr'><em>Ὀμήρου,</em></span> <span class='ocrx_word' id='word_1_143' title='bbox 744 3093 778 3148; x_wconf 71' lang='grc' dir='ltr'>ὤς</span> <span class='ocrx_word' id='word_1_144' title='bbox 795 3101 881 3167; x_wconf 78' lang='grc' dir='ltr'>φασιν</span> <span class='ocrx_word' id='word_1_145' title='bbox 894 3091 920 3147; x_wconf 83' lang='lat' dir='ltr'>oi</span> <span class='ocrx_word' id='word_1_146' title='bbox 934 3089 1098 3165; x_wconf 72' lang='grc' dir='ltr'>Τροιὲήνωι</span> <span class='ocrx_word' id='word_1_147' title='bbox 1111 3093 1204 3164; x_wconf 82' lang='grc' dir='ltr'>λόγοι,</span> 
     </span>
     <span class='ocr_line' id='line_1_19' title="bbox 114 3182 1206 3262; baseline 0 -18"><span class='ocrx_word' id='word_1_148' title='bbox 114 3188 223 3247; x_wconf 77' lang='grc' dir='ltr'>καὶτὸν</span> <span class='ocrx_word' id='word_1_149' title='bbox 239 3185 335 3262; x_wconf 82' lang='grc' dir='ltr'>Φρύγα</span> <span class='ocrx_word' id='word_1_150' title='bbox 349 3185 517 3258; x_wconf 71' lang='grc' dir='ltr'><strong>δὲΔάρητα,</strong></span> <span class='ocrx_word' id='word_1_151' title='bbox 532 3183 563 3244; x_wconf 74' lang='grc' dir='ltr'>οὗ</span> <span class='ocrx_word' id='word_1_152' title='bbox 583 3185 707 3260; x_wconf 80' lang='grc' dir='ltr'>Φρυγίαν</span> <span class='ocrx_word' id='word_1_153' title='bbox 730 3182 839 3243; x_wconf 77' lang='grc' dir='ltr'>Ἰλιάδα</span> <span class='ocrx_word' id='word_1_154' title='bbox 861 3186 902 3245; x_wconf 77' lang='grc' dir='ltr'>ἔτι</span> <span class='ocrx_word' id='word_1_155' title='bbox 923 3187 968 3243; x_wconf 77' lang='grc' dir='ltr'>καὶ</span> <span class='ocrx_word' id='word_1_156' title='bbox 991 3191 1041 3242; x_wconf 80' lang='grc' dir='ltr'>νῦν</span> <span class='ocrx_word' id='word_1_157' title='bbox 1059 3187 1206 3246; x_wconf 66' lang='lat' dir='ltr'>&amp;noreio-</span> 
     </span>
     <span class='ocr_line' id='line_1_20' title="bbox 112 3278 1205 3360; baseline -0.002 -19"><span class='ocrx_word' id='word_1_158' title='bbox 112 3289 201 3360; x_wconf 77' lang='grc' dir='ltr'>μένην</span> <span class='ocrx_word' id='word_1_159' title='bbox 224 3281 297 3354; x_wconf 78' lang='grc' dir='ltr'><strong><em>οῖδα,</em></strong></span> <span class='ocrx_word' id='word_1_160' title='bbox 318 3283 369 3357; x_wconf 79' lang='grc' dir='ltr'>πρὸ</span> <span class='ocrx_word' id='word_1_161' title='bbox 391 3281 516 3360; x_wconf 72' lang='grc' dir='ltr'>ἶΟμίιρου</span> <span class='ocrx_word' id='word_1_162' title='bbox 539 3283 584 3339; x_wconf 78' lang='grc' dir='ltr'>καὶ</span> <span class='ocrx_word' id='word_1_163' title='bbox 605 3286 702 3338; x_wconf 76' lang='grc' dir='ltr'>τοῦτον</span> <span class='ocrx_word' id='word_1_164' title='bbox 720 3281 854 3352; x_wconf 78' lang='grc' dir='ltr'>γενέσθαι</span> <span class='ocrx_word' id='word_1_165' title='bbox 868 3284 996 3353; x_wconf 72' lang='grc' dir='ltr'>λέγουσι.</span> <span class='ocrx_word' id='word_1_166' title='bbox 1041 3278 1205 3339; x_wconf 78' lang='lat' dir='ltr'>Oroedamir‘i</span> 
     </span>
     <span class='ocr_line' id='line_1_21' title="bbox 116 3373 1210 3456; baseline -0.005 -18"><span class='ocrx_word' id='word_1_167' title='bbox 116 3379 257 3438; x_wconf 71' lang='lat' dir='ltr'>Hoearmii</span> <span class='ocrx_word' id='word_1_168' title='bbox 275 3383 411 3456; x_wconf 70' lang='lat' dir='ltr'>po&#39;e‘moto</span> <span class='ocrx_word' id='word_1_169' title='bbox 425 3386 494 3438; x_wconf 81' lang='lat' dir='ltr'>ante</span> <span class='ocrx_word' id='word_1_170' title='bbox 509 3376 667 3436; x_wconf 78' lang='lat' dir='ltr'>Homerum</span> <span class='ocrx_word' id='word_1_171' title='bbox 680 3377 853 3444; x_wconf 77' lang='lat' dir='ltr'>actiterunt.</span> <span class='ocrx_word' id='word_1_172' title='bbox 876 3381 912 3434; x_wconf 82' lang='lat' dir='ltr'>ot</span> <span class='ocrx_word' id='word_1_173' title='bbox 928 3374 1038 3452; x_wconf 77' lang='lat' dir='ltr'>serent</span> <span class='ocrx_word' id='word_1_174' title='bbox 1054 3373 1210 3444; x_wconf 83' lang='lat' dir='ltr'>Troezcm&#39;i,&#39;</span> 
     </span>
     <span class='ocr_line' id='line_1_22' title="bbox 113 3469 1204 3554; baseline -0.003 -24"><span class='ocrx_word' id='word_1_175' title='bbox 113 3474 182 3531; x_wconf 82' lang='lat' dir='ltr'>item</span> <span class='ocrx_word' id='word_1_176' title='bbox 207 3475 303 3533; x_wconf 76' lang='lat' dir='ltr'>Dares</span> <span class='ocrx_word' id='word_1_177' title='bbox 332 3475 501 3554; x_wconf 72' lang='lat' dir='ltr'>Phrygiae,</span> <span class='ocrx_word' id='word_1_178' title='bbox 528 3482 561 3534; x_wconf 80' lang='lat' dir='ltr'>ot</span> <span class='ocrx_word' id='word_1_179' title='bbox 589 3472 702 3541; x_wconf 76' lang='lat' dir='ltr'>dicum,</span> <span class='ocrx_word' id='word_1_180' title='bbox 730 3477 799 3530; x_wconf 79' lang='lat' dir='ltr'>ante</span> <span class='ocrx_word' id='word_1_181' title='bbox 824 3471 980 3530; x_wconf 81' lang='lat' dir='ltr'>Homerum</span> <span class='ocrx_word' id='word_1_182' title='bbox 1008 3469 1093 3540; x_wconf 74' lang='lat' dir='ltr'>aicit,</span> <span class='ocrx_word' id='word_1_183' title='bbox 1120 3473 1204 3546; x_wconf 80' lang='lat' dir='ltr'>cujus</span> 
     </span>
     <span class='ocr_line' id='line_1_23' title="bbox 114 3563 1202 3648; baseline -0.004 -22"><span class='ocrx_word' id='word_1_184' title='bbox 114 3568 285 3646; x_wconf 76' lang='lat' dir='ltr'>Phrygiam</span> <span class='ocrx_word' id='word_1_185' title='bbox 311 3567 430 3628; x_wconf 80' lang='lat' dir='ltr'>Iliadem</span> <span class='ocrx_word' id='word_1_186' title='bbox 451 3587 539 3648; x_wconf 78' lang='lat' dir='ltr'>eraque</span> <span class='ocrx_word' id='word_1_187' title='bbox 562 3569 595 3625; x_wconf 79' lang='lat' dir='ltr'>im</span> <span class='ocrx_word' id='word_1_188' title='bbox 618 3567 696 3625; x_wconf 74' lang='lat' dir='ltr'>homo</span> <span class='ocrx_word' id='word_1_189' title='bbox 718 3567 792 3627; x_wconf 80' lang='lat' dir='ltr'>diem</span> <span class='ocrx_word' id='word_1_190' title='bbox 806 3565 970 3626; x_wconf 80' lang='lat' dir='ltr'>conservari</span> <span class='ocrx_word' id='word_1_191' title='bbox 983 3566 1053 3624; x_wconf 82' lang='lat' dir='ltr'>acio.</span> <span class='ocrx_word' id='word_1_192' title='bbox 1095 3563 1133 3622; x_wconf 86' lang='lat' dir='ltr'>Et</span> <span class='ocrx_word' id='word_1_193' title='bbox 1147 3563 1202 3622; x_wconf 88' lang='lat' dir='ltr'>hoc</span> 
     </span>
     <span class='ocr_line' id='line_1_24' title="bbox 112 3658 1202 3741; baseline -0.003 -20"><span class='ocrx_word' id='word_1_194' title='bbox 112 3662 186 3721; x_wconf 90' lang='lat' dir='ltr'>illud</span> <span class='ocrx_word' id='word_1_195' title='bbox 211 3671 267 3733; x_wconf 83' lang='lat' dir='ltr'>est,</span> <span class='ocrx_word' id='word_1_196' title='bbox 288 3663 367 3740; x_wconf 87' lang='lat' dir='ltr'>quod</span> <span class='ocrx_word' id='word_1_197' title='bbox 389 3663 498 3723; x_wconf 88' lang='lat' dir='ltr'>homini</span> <span class='ocrx_word' id='word_1_198' title='bbox 520 3663 626 3741; x_wconf 78' lang='lat' dir='ltr'>nugaci</span> <span class='ocrx_word' id='word_1_199' title='bbox 650 3671 681 3722; x_wconf 89' lang='lat' dir='ltr'>et</span> <span class='ocrx_word' id='word_1_200' title='bbox 701 3662 801 3739; x_wconf 87' lang='lat' dir='ltr'>inepto</span> <span class='ocrx_word' id='word_1_201' title='bbox 824 3661 978 3720; x_wconf 83' lang='lat' dir='ltr'>consilium</span> <span class='ocrx_word' id='word_1_202' title='bbox 1000 3658 1079 3730; x_wconf 80' lang='lat' dir='ltr'>iecit,</span> <span class='ocrx_word' id='word_1_203' title='bbox 1094 3670 1127 3716; x_wconf 89' lang='lat' dir='ltr'>ut</span> <span class='ocrx_word' id='word_1_204' title='bbox 1147 3661 1202 3718; x_wconf 88' lang='lat' dir='ltr'>sub</span> 
     </span>
     <span class='ocr_line' id='line_1_25' title="bbox 111 3751 1201 3835; baseline -0.004 -21"><span class='ocrx_word' id='word_1_205' title='bbox 111 3756 191 3816; x_wconf 87' lang='lat' dir='ltr'>illius</span> <span class='ocrx_word' id='word_1_206' title='bbox 215 3756 331 3815; x_wconf 85' lang='lat' dir='ltr'>Daretis</span> <span class='ocrx_word' id='word_1_207' title='bbox 354 3757 480 3828; x_wconf 89' lang='lat' dir='ltr'>nomine,</span> <span class='ocrx_word' id='word_1_208' title='bbox 504 3758 554 3835; x_wconf 90' lang='lat' dir='ltr'>qui</span> <span class='ocrx_word' id='word_1_209' title='bbox 576 3776 720 3834; x_wconf 85' lang='lat' dir='ltr'>nusquam</span> <span class='ocrx_word' id='word_1_210' title='bbox 741 3756 939 3833; x_wconf 80' lang='lat' dir='ltr'>comparebat,</span> <span class='ocrx_word' id='word_1_211' title='bbox 959 3752 1088 3812; x_wconf 86' lang='lat' dir='ltr'>libellum</span> <span class='ocrx_word' id='word_1_212' title='bbox 1108 3751 1201 3822; x_wconf 87' lang='lat' dir='ltr'>iilum,</span> 
     </span>
     <span class='ocr_line' id='line_1_26' title="bbox 112 3847 1201 3928; baseline -0.004 -18"><span class='ocrx_word' id='word_1_213' title='bbox 112 3870 200 3928; x_wconf 87' lang='lat' dir='ltr'>quem</span> <span class='ocrx_word' id='word_1_214' title='bbox 211 3850 299 3910; x_wconf 90' lang='lat' dir='ltr'>hodie</span> <span class='ocrx_word' id='word_1_215' title='bbox 312 3850 465 3923; x_wconf 89' lang='lat' dir='ltr'>habemus,</span> <span class='ocrx_word' id='word_1_216' title='bbox 479 3851 509 3908; x_wconf 89' lang='lat' dir='ltr'>in</span> <span class='ocrx_word' id='word_1_217' title='bbox 524 3852 619 3910; x_wconf 89' lang='lat' dir='ltr'>lucem</span> <span class='ocrx_word' id='word_1_218' title='bbox 641 3853 785 3918; x_wconf 87' lang='lat' dir='ltr'>mitteret;</span> <span class='ocrx_word' id='word_1_219' title='bbox 807 3852 921 3928; x_wconf 83' lang='lat' dir='ltr'>fingens</span> <span class='ocrx_word' id='word_1_220' title='bbox 935 3848 1018 3906; x_wconf 89' lang='lat' dir='ltr'>iilum</span> <span class='ocrx_word' id='word_1_221' title='bbox 1032 3866 1050 3906; x_wconf 88' lang='lat' dir='ltr'>a</span> <span class='ocrx_word' id='word_1_222' title='bbox 1064 3847 1201 3906; x_wconf 86' lang='lat' dir='ltr'>Cornelio</span> 
     </span>
     <span class='ocr_line' id='line_1_27' title="bbox 113 3941 1202 4024; baseline 0 -22"><span class='ocrx_word' id='word_1_223' title='bbox 113 3945 230 4024; x_wconf 84' lang='lat' dir='ltr'>Nepote</span> <span class='ocrx_word' id='word_1_224' title='bbox 244 3946 345 4006; x_wconf 83' lang='lat' dir='ltr'>Latine</span> <span class='ocrx_word' id='word_1_225' title='bbox 359 3947 545 4006; x_wconf 84' lang='lat' dir='ltr'>translatum.</span> <span class='ocrx_word' id='word_1_226' title='bbox 587 3947 750 4024; x_wconf 88' lang='lat' dir='ltr'>Utrumque</span> <span class='ocrx_word' id='word_1_227' title='bbox 771 3945 847 4004; x_wconf 90' lang='lat' dir='ltr'>enim</span> <span class='ocrx_word' id='word_1_228' title='bbox 865 3943 971 4003; x_wconf 82' lang='lat' dir='ltr'>falsum</span> <span class='ocrx_word' id='word_1_229' title='bbox 986 3961 1061 4016; x_wconf 88' lang='lat' dir='ltr'>esse,</span> <span class='ocrx_word' id='word_1_230' title='bbox 1077 3941 1202 4022; x_wconf 84' lang='lat' dir='ltr'>piurima</span> 
     </span>
     <span class='ocr_line' id='line_1_28' title="bbox 111 4035 1200 4119; baseline -0.004 -19"><span class='ocrx_word' id='word_1_231' title='bbox 111 4040 245 4100; x_wconf 82' lang='lat' dir='ltr'>vincunt.</span> <span class='ocrx_word' id='word_1_232' title='bbox 286 4035 364 4100; x_wconf 79' lang='lat' dir='ltr'>Nam</span> <span class='ocrx_word' id='word_1_233' title='bbox 387 4041 501 4119; x_wconf 88' lang='lat' dir='ltr'>etipse</span> <span class='ocrx_word' id='word_1_234' title='bbox 525 4040 649 4118; x_wconf 78' lang='lat' dir='ltr'>scriptor</span> <span class='ocrx_word' id='word_1_235' title='bbox 670 4045 715 4116; x_wconf 85' lang='lat' dir='ltr'>&lt;ut</span> <span class='ocrx_word' id='word_1_236' title='bbox 733 4039 860 4118; x_wconf 86' lang='lat' dir='ltr'>jamdiu</span> <span class='ocrx_word' id='word_1_237' title='bbox 883 4038 995 4098; x_wconf 87' lang='lat' dir='ltr'>monuit</span> <span class='ocrx_word' id='word_1_238' title='bbox 1013 4037 1200 4101; x_wconf 86' lang='lat' dir='ltr'>doctissimus</span> 
     </span>
    </p>
   </div>
   <div class='ocr_carea' id='block_1_8' title="bbox 0 0 1530 4900">
    <p class='ocr_par' dir='ltr' id='par_1_8' title="bbox 0 0 1530 4900">
     <span class='ocr_line' id='line_1_29' title="bbox 0 0 1530 4900; baseline 0 3"><span class='ocrx_word' id='word_1_239' title='bbox 0 0 1530 4900; x_wconf 95' lang='lat' dir='ltr'> </span> 
     </span>
    </p>
   </div>
  </div>
 </body>
</html>
