<?xml version="1.0" encoding="UTF-8"?>
<!DOCTYPE html PUBLIC "-//W3C//DTD XHTML 1.0 Transitional//EN"
    "http://www.w3.org/TR/xhtml1/DTD/xhtml1-transitional.dtd">
<html xmlns="http://www.w3.org/1999/xhtml" xml:lang="en" lang="en">
 <head>
  <title>
</title>
<meta http-equiv="Content-Type" content="text/html;charset=utf-8" />
  <meta name='ocr-system' content='tesseract 3.04.00' />
  <meta name='ocr-capabilities' content='ocr_page ocr_carea ocr_par ocr_line ocrx_word'/>
</head>
<body>
  <div class='ocr_page' id='page_1' title='image "./dictyscretensis00smidgoog_0090.png"; bbox 0 0 3028 4900; ppageno 0'>
   <div class='ocr_carea' id='block_1_1' title="bbox 339 305 996 370">
    <p class='ocr_par' dir='ltr' id='par_1_1' title="bbox 339 305 996 370">
     <span class='ocr_line' id='line_1_1' title="bbox 339 305 996 370; baseline 0.006 -8"><span class='ocrx_word' id='word_1_1' title='bbox 339 305 383 370; x_wconf 64' lang='grc' dir='ltr'><strong>ω</strong></span> <span class='ocrx_word' id='word_1_2' title='bbox 771 317 861 368; x_wconf 73' lang='lat' dir='ltr'>Lito.</span> <span class='ocrx_word' id='word_1_3' title='bbox 884 317 996 366; x_wconf 77' lang='lat' dir='ltr'>stitus</span> 
     </span>
    </p>
   </div>
   <div class='ocr_carea' id='block_1_2' title="bbox 325 461 1505 3024">
    <p class='ocr_par' dir='ltr' id='par_1_2' title="bbox 337 461 1425 644">
     <span class='ocr_line' id='line_1_2' title="bbox 337 461 1425 546; baseline -0.005 -16"><span class='ocrx_word' id='word_1_4' title='bbox 337 467 427 530; x_wconf 83' lang='lat' dir='ltr'>Petr.</span> <span class='ocrx_word' id='word_1_5' title='bbox 462 461 622 542; x_wconf 80' lang='lat' dir='ltr'>Potitum,</span> <span class='ocrx_word' id='word_1_6' title='bbox 640 461 683 528; x_wconf 84' lang='lat' dir='ltr'>tle</span> <span class='ocrx_word' id='word_1_7' title='bbox 717 461 880 528; x_wconf 73' lang='lat' dir='ltr'>Amazon</span> <span class='ocrx_word' id='word_1_8' title='bbox 914 461 986 545; x_wconf 76' lang='lat' dir='ltr'>ot.)</span> <span class='ocrx_word' id='word_1_9' title='bbox 1021 480 1156 546; x_wconf 87' lang='lat' dir='ltr'>qnoque</span> <span class='ocrx_word' id='word_1_10' title='bbox 1185 461 1425 526; x_wconf 80' lang='lat' dir='ltr'>observatione</span> 
     </span>
     <span class='ocr_line' id='line_1_3' title="bbox 338 563 451 644; baseline 0 -16"><span class='ocrx_word' id='word_1_11' title='bbox 338 563 451 644; x_wconf 70' lang='lat' dir='ltr'>digua.</span> 
     </span>
    </p>

    <p class='ocr_par' dir='ltr' id='par_1_3' title="bbox 336 660 1429 1042">
     <span class='ocr_line' id='line_1_4' title="bbox 380 660 1427 745; baseline -0.007 -15"><span class='ocrx_word' id='word_1_12' title='bbox 380 663 531 730; x_wconf 69' lang='lat' dir='ltr'>flamma</span> <span class='ocrx_word' id='word_1_13' title='bbox 545 661 668 728; x_wconf 81' lang='lat' dir='ltr'>dextra</span> <span class='ocrx_word' id='word_1_14' title='bbox 680 669 815 742; x_wconf 58' lang='lat' dir='ltr'>exortu</span> <span class='ocrx_word' id='word_1_15' title='bbox 836 681 913 745; x_wconf 80' lang='lat' dir='ltr'>quar</span> <span class='ocrx_word' id='word_1_16' title='bbox 926 663 980 726; x_wconf 81' lang='lat' dir='ltr'>vel</span> <span class='ocrx_word' id='word_1_17' title='bbox 1002 663 1077 744; x_wconf 72' lang='lat' dir='ltr'>igue</span> <span class='ocrx_word' id='word_1_18' title='bbox 1099 660 1237 726; x_wconf 85' lang='lat' dir='ltr'>admoto</span> <span class='ocrx_word' id='word_1_19' title='bbox 1260 661 1427 736; x_wconf 85' lang='lat' dir='ltr'>absumta,</span> 
     </span>
     <span class='ocr_line' id='line_1_5' title="bbox 336 759 1429 842; baseline -0.005 -12"><span class='ocrx_word' id='word_1_20' title='bbox 336 763 389 830; x_wconf 82' lang='lat' dir='ltr'>uel</span> <span class='ocrx_word' id='word_1_21' title='bbox 404 764 531 842; x_wconf 80' lang='lat' dir='ltr'>luciis,</span> <span class='ocrx_word' id='word_1_22' title='bbox 545 763 688 828; x_wconf 79' lang='lat' dir='ltr'>vinculis</span> <span class='ocrx_word' id='word_1_23' title='bbox 702 770 737 828; x_wconf 87' lang='lat' dir='ltr'>et</span> <span class='ocrx_word' id='word_1_24' title='bbox 757 761 1007 828; x_wconf 74' lang='lat' dir='ltr'><strong>medicamentis</strong></span> <span class='ocrx_word' id='word_1_25' title='bbox 1024 763 1133 826; x_wconf 86' lang='lat' dir='ltr'>minor</span> <span class='ocrx_word' id='word_1_26' title='bbox 1152 759 1300 826; x_wconf 75' lang='lat' dir='ltr'>reddita.</span> <span class='ocrx_word' id='word_1_27' title='bbox 1345 760 1429 842; x_wconf 87' lang='lat' dir='ltr'>Hip·</span> 
     </span>
     <span class='ocr_line' id='line_1_6' title="bbox 336 857 1428 948; baseline -0.01 -19"><span class='ocrx_word' id='word_1_28' title='bbox 336 869 501 948; x_wconf 65' lang='lat' dir='ltr'>pocntes</span> <span class='ocrx_word' id='word_1_29' title='bbox 515 863 573 928; x_wconf 86' lang='lat' dir='ltr'>lib.</span> <span class='ocrx_word' id='word_1_30' title='bbox 593 861 637 926; x_wconf 87' lang='lat' dir='ltr'>de</span> <span class='ocrx_word' id='word_1_31' title='bbox 650 859 747 926; x_wconf 71' lang='lat' dir='ltr'>Aere.</span> <span class='ocrx_word' id='word_1_32' title='bbox 769 859 932 936; x_wconf 87' lang='lat' dir='ltr'>Galenus,</span> <span class='ocrx_word' id='word_1_33' title='bbox 951 861 994 924; x_wconf 85' lang='lat' dir='ltr'>de</span> <span class='ocrx_word' id='word_1_34' title='bbox 1016 879 1126 944; x_wconf 84' lang='lat' dir='ltr'>symp.</span> <span class='ocrx_word' id='word_1_35' title='bbox 1147 857 1284 924; x_wconf 77' lang='lat' dir='ltr'>Medic.</span> <span class='ocrx_word' id='word_1_36' title='bbox 1300 857 1428 924; x_wconf 85' lang='lat' dir='ltr'>Facult.</span> 
     </span>
     <span class='ocr_line' id='line_1_7' title="bbox 337 961 955 1042; baseline -0.006 -14"><span class='ocrx_word' id='word_1_37' title='bbox 337 965 385 1029; x_wconf 87' lang='lat' dir='ltr'>ita</span> <span class='ocrx_word' id='word_1_38' title='bbox 398 963 438 1028; x_wconf 87' lang='lat' dir='ltr'>de</span> <span class='ocrx_word' id='word_1_39' title='bbox 452 961 635 1039; x_wconf 73' lang='lat' dir='ltr'>numne,</span> <span class='ocrx_word' id='word_1_40' title='bbox 646 961 738 1042; x_wconf 74' lang='lat' dir='ltr'>Virg-</span> <span class='ocrx_word' id='word_1_41' title='bbox 750 977 775 1025; x_wconf 87' lang='grc' dir='ltr'>ι.</span> <span class='ocrx_word' id='word_1_42' title='bbox 791 961 869 1026; x_wconf 84' lang='lat' dir='ltr'>AEu.</span> <span class='ocrx_word' id='word_1_43' title='bbox 878 961 955 1024; x_wconf 78' lang='lat'><strong>490.</strong></span> 
     </span>
    </p>

    <p class='ocr_par' dir='ltr' id='par_1_4' title="bbox 462 1047 1245 1228">
     <span class='ocr_line' id='line_1_8' title="bbox 462 1047 1245 1144; baseline -0.001 -18"><span class='ocrx_word' id='word_1_44' title='bbox 462 1061 574 1126; x_wconf 81' lang='lat' dir='ltr'>Aurea</span> <span class='ocrx_word' id='word_1_45' title='bbox 588 1063 785 1127; x_wconf 74' lang='lat' dir='ltr'>subnectens</span> <span class='ocrx_word' id='word_1_46' title='bbox 799 1069 924 1126; x_wconf 80' lang='lat' dir='ltr'>exertae</span> <span class='ocrx_word' id='word_1_47' title='bbox 940 1047 1245 1144; x_wconf 77' lang='lat' dir='ltr'>cingula’rnamuree</span> 
     </span>
     <span class='ocr_line' id='line_1_9' title="bbox 464 1162 635 1228; baseline 0 -2"><span class='ocrx_word' id='word_1_48' title='bbox 464 1162 635 1228; x_wconf 83' lang='lat' dir='ltr'>Bellatrix.</span> 
     </span>
    </p>

    <p class='ocr_par' dir='ltr' id='par_1_5' title="bbox 336 1258 1428 1644">
     <span class='ocr_line' id='line_1_10' title="bbox 379 1258 1427 1344; baseline -0.006 -16"><span class='ocrx_word' id='word_1_49' title='bbox 379 1261 587 1328; x_wconf 76' lang='lat' dir='ltr'>Amazonum</span> <span class='ocrx_word' id='word_1_50' title='bbox 609 1271 719 1328; x_wconf 86' lang='lat' dir='ltr'>autem</span> <span class='ocrx_word' id='word_1_51' title='bbox 732 1263 849 1328; x_wconf 84' lang='lat' dir='ltr'>harum</span> <span class='ocrx_word' id='word_1_52' title='bbox 863 1261 977 1344; x_wconf 77' lang='lat' dir='ltr'>regina</span> <span class='ocrx_word' id='word_1_53' title='bbox 990 1259 1218 1336; x_wconf 74' lang='lat' dir='ltr'>Penthesilea,</span> <span class='ocrx_word' id='word_1_54' title='bbox 1235 1261 1283 1324; x_wconf 82' lang='lat' dir='ltr'>ab</span> <span class='ocrx_word' id='word_1_55' title='bbox 1298 1258 1427 1324; x_wconf 82' lang='lat' dir='ltr'>Achille</span> 
     </span>
     <span class='ocr_line' id='line_1_11' title="bbox 337 1359 1428 1447; baseline -0.009 -18"><span class='ocrx_word' id='word_1_56' title='bbox 337 1383 448 1444; x_wconf 78' lang='lat' dir='ltr'>oaesa3</span> <span class='ocrx_word' id='word_1_57' title='bbox 469 1370 568 1446; x_wconf 91' lang='lat' dir='ltr'>prout</span> <span class='ocrx_word' id='word_1_58' title='bbox 588 1365 689 1428; x_wconf 87' lang='lat' dir='ltr'>etiam</span> <span class='ocrx_word' id='word_1_59' title='bbox 703 1363 841 1447; x_wconf 75' lang='lat' dir='ltr'>&#39;l&#39;raJani</span> <span class='ocrx_word' id='word_1_60' title='bbox 857 1361 1021 1427; x_wconf 87' lang='lat' dir='ltr'>Nummus</span> <span class='ocrx_word' id='word_1_61' title='bbox 1036 1360 1157 1443; x_wconf 83' lang='lat' dir='ltr'>probat</span> <span class='ocrx_word' id='word_1_62' title='bbox 1177 1359 1428 1432; x_wconf 83' lang='lat' dir='ltr'>contoruiatus,</span> 
     </span>
     <span class='ocr_line' id='line_1_12' title="bbox 337 1449 1425 1546; baseline -0.006 -20"><span class='ocrx_word' id='word_1_63' title='bbox 337 1483 436 1544; x_wconf 88' lang='lat' dir='ltr'>quem</span> <span class='ocrx_word' id='word_1_64' title='bbox 449 1461 584 1546; x_wconf 83' lang='lat' dir='ltr'>quidem</span> <span class='ocrx_word' id='word_1_65' title='bbox 600 1462 690 1546; x_wconf 86' lang='lat' dir='ltr'>apud</span> <span class='ocrx_word' id='word_1_66' title='bbox 705 1461 959 1528; x_wconf 79' lang='lat' dir='ltr'>Mediobarbnrn</span> <span class='ocrx_word' id='word_1_67' title='bbox 972 1461 1071 1527; x_wconf 84' lang='lat' dir='ltr'>vidae</span> <span class='ocrx_word' id='word_1_68' title='bbox 1090 1449 1306 1539; x_wconf 78' lang='lat' dir='ltr'>annotatum,</span> <span class='ocrx_word' id='word_1_69' title='bbox 1320 1465 1357 1526; x_wconf 87' lang='lat' dir='ltr'>at</span> <span class='ocrx_word' id='word_1_70' title='bbox 1370 1457 1425 1522; x_wconf 78' lang='lat' dir='ltr'>‹lc-</span> 
     </span>
     <span class='ocr_line' id='line_1_13' title="bbox 336 1561 648 1644; baseline 0.003 -19"><span class='ocrx_word' id='word_1_71' title='bbox 336 1561 462 1644; x_wconf 87' lang='lat' dir='ltr'>piotum</span> <span class='ocrx_word' id='word_1_72' title='bbox 476 1579 648 1644; x_wconf 61' lang='lat' dir='ltr'>nuquam.</span> 
     </span>
    </p>

    <p class='ocr_par' dir='ltr' id='par_1_6' title="bbox 325 1659 1505 3024">
     <span class='ocr_line' id='line_1_14' title="bbox 378 1659 1427 1746; baseline -0.002 -20"><span class='ocrx_word' id='word_1_73' title='bbox 378 1659 494 1746; x_wconf 88' lang='lat' dir='ltr'>Hujus</span> <span class='ocrx_word' id='word_1_74' title='bbox 509 1661 606 1744; x_wconf 76' lang='lat' dir='ltr'>igitur</span> <span class='ocrx_word' id='word_1_75' title='bbox 627 1663 732 1728; x_wconf 77' lang='lat' dir='ltr'>ricem</span> <span class='ocrx_word' id='word_1_76' title='bbox 753 1663 908 1746; x_wconf 89' lang='lat' dir='ltr'>suppleat</span> <span class='ocrx_word' id='word_1_77' title='bbox 932 1659 1093 1737; x_wconf 75' lang='lat' dir='ltr'>Amazon,</span> <span class='ocrx_word' id='word_1_78' title='bbox 1106 1679 1151 1724; x_wconf 83' lang='lat' dir='ltr'>ex</span> <span class='ocrx_word' id='word_1_79' title='bbox 1173 1659 1342 1727; x_wconf 76' lang='lat' dir='ltr'>Otaciliae</span> <span class='ocrx_word' id='word_1_80' title='bbox 1358 1659 1427 1724; x_wconf 82' lang='lat' dir='ltr'>Au·</span> 
     </span>
     <span class='ocr_line' id='line_1_15' title="bbox 335 1760 1427 1844; baseline -0.004 -16"><span class='ocrx_word' id='word_1_81' title='bbox 335 1768 443 1844; x_wconf 78' lang='lat' dir='ltr'>gustas</span> <span class='ocrx_word' id='word_1_82' title='bbox 465 1761 622 1838; x_wconf 80' lang='lat' dir='ltr'>Numano,</span> <span class='ocrx_word' id='word_1_83' title='bbox 635 1782 658 1827; x_wconf 84' lang='lat' dir='ltr'>a</span> <span class='ocrx_word' id='word_1_84' title='bbox 678 1761 802 1827; x_wconf 87' lang='lat' dir='ltr'>Samiis</span> <span class='ocrx_word' id='word_1_85' title='bbox 825 1781 925 1828; x_wconf 87' lang='lat' dir='ltr'>cuso:</span> <span class='ocrx_word' id='word_1_86' title='bbox 947 1781 1025 1844; x_wconf 77' lang='lat' dir='ltr'>qua</span> <span class='ocrx_word' id='word_1_87' title='bbox 1046 1761 1128 1826; x_wconf 87' lang='lat' dir='ltr'>rnilri</span> <span class='ocrx_word' id='word_1_88' title='bbox 1144 1760 1266 1844; x_wconf 85' lang='lat' dir='ltr'>(veluti</span> <span class='ocrx_word' id='word_1_89' title='bbox 1280 1763 1329 1828; x_wconf 81' lang='lat' dir='ltr'>acl</span> <span class='ocrx_word' id='word_1_90' title='bbox 1343 1761 1427 1826; x_wconf 89' lang='lat' dir='ltr'>Wil-</span> 
     </span>
     <span class='ocr_line' id='line_1_16' title="bbox 336 1859 1424 1945; baseline -0.002 -19"><span class='ocrx_word' id='word_1_91' title='bbox 336 1861 425 1927; x_wconf 86' lang='lat' dir='ltr'>diau.</span> <span class='ocrx_word' id='word_1_92' title='bbox 449 1862 570 1928; x_wconf 83' lang='lat' dir='ltr'>Seleot.</span> <span class='ocrx_word' id='word_1_93' title='bbox 582 1861 657 1928; x_wconf 79' lang='lat'>138.</span> <span class='ocrx_word' id='word_1_94' title='bbox 682 1861 786 1928; x_wconf 87' lang='lat' dir='ltr'>Num.</span> <span class='ocrx_word' id='word_1_95' title='bbox 809 1859 1004 1945; x_wconf 86' lang='lat' dir='ltr'>probatum)</span> <span class='ocrx_word' id='word_1_96' title='bbox 1031 1881 1097 1927; x_wconf 89' lang='lat' dir='ltr'>uon</span> <span class='ocrx_word' id='word_1_97' title='bbox 1121 1861 1294 1928; x_wconf 75' lang='lat' dir='ltr'>Martialis</span> <span class='ocrx_word' id='word_1_98' title='bbox 1316 1863 1424 1939; x_wconf 83' lang='lat' dir='ltr'>Juno;</span> 
     </span>
     <span class='ocr_line' id='line_1_17' title="bbox 335 1961 1426 2046; baseline 0.004 -25"><span class='ocrx_word' id='word_1_99' title='bbox 335 1961 385 2022; x_wconf 88' lang='lat' dir='ltr'>uti</span> <span class='ocrx_word' id='word_1_100' title='bbox 400 1962 441 2024; x_wconf 88' lang='lat' dir='ltr'>ad</span> <span class='ocrx_word' id='word_1_101' title='bbox 457 1962 603 2030; x_wconf 80' lang='lat' dir='ltr'>Gallieni</span> <span class='ocrx_word' id='word_1_102' title='bbox 618 1963 720 2030; x_wconf 88' lang='lat' dir='ltr'>Num.</span> <span class='ocrx_word' id='word_1_103' title='bbox 734 1964 810 2028; x_wconf 77' lang='lat'>414.</span> <span class='ocrx_word' id='word_1_104' title='bbox 830 1964 986 2046; x_wconf 81' lang='lat' dir='ltr'>opinetur</span> <span class='ocrx_word' id='word_1_105' title='bbox 996 1963 1159 2042; x_wconf 85' lang='lat' dir='ltr'>Patinus;</span> <span class='ocrx_word' id='word_1_106' title='bbox 1179 1981 1246 2026; x_wconf 93' lang='lat' dir='ltr'>non</span> <span class='ocrx_word' id='word_1_107' title='bbox 1261 1962 1426 2036; x_wconf 81' lang='lat' dir='ltr'>Admeto,</span> 
     </span>
     <span class='ocr_line' id='line_1_18' title="bbox 325 2057 1426 2146; baseline -0.001 -23"><span class='ocrx_word' id='word_1_108' title='bbox 325 2057 522 2143; x_wconf 71' lang='lat' dir='ltr'>“Tyrrhfflos</span> <span class='ocrx_word' id='word_1_109' title='bbox 551 2064 730 2146; x_wconf 77' lang='lat' dir='ltr'>sacrilegos</span> <span class='ocrx_word' id='word_1_110' title='bbox 760 2063 956 2146; x_wconf 80' lang='lat' dir='ltr'>insequens3</span> <span class='ocrx_word' id='word_1_111' title='bbox 989 2065 1049 2142; x_wconf 87' lang='lat' dir='ltr'>uti,</span> <span class='ocrx_word' id='word_1_112' title='bbox 1085 2063 1128 2128; x_wconf 85' lang='lat' dir='ltr'>ad</span> <span class='ocrx_word' id='word_1_113' title='bbox 1163 2062 1315 2128; x_wconf 75' lang='lat' dir='ltr'>Gallieni</span> <span class='ocrx_word' id='word_1_114' title='bbox 1343 2059 1426 2124; x_wconf 86' lang='lat' dir='ltr'>dicti</span> 
     </span>
     <span class='ocr_line' id='line_1_19' title="bbox 335 2157 1425 2248; baseline -0.001 -25"><span class='ocrx_word' id='word_1_115' title='bbox 335 2157 437 2227; x_wconf 90' lang='lat' dir='ltr'>Num.</span> <span class='ocrx_word' id='word_1_116' title='bbox 462 2162 497 2226; x_wconf 93' lang='lat' dir='ltr'>iu</span> <span class='ocrx_word' id='word_1_117' title='bbox 522 2160 568 2228; x_wconf 90' lang='lat' dir='ltr'>N.</span> <span class='ocrx_word' id='word_1_118' title='bbox 595 2161 641 2228; x_wconf 88' lang='lat' dir='ltr'>N.</span> <span class='ocrx_word' id='word_1_119' title='bbox 662 2162 746 2228; x_wconf 88' lang='lat' dir='ltr'>Urb.</span> <span class='ocrx_word' id='word_1_120' title='bbox 771 2171 806 2229; x_wconf 89' lang='lat' dir='ltr'>et</span> <span class='ocrx_word' id='word_1_121' title='bbox 827 2163 914 2248; x_wconf 88' lang='lat' dir='ltr'>Pop.</span> <span class='ocrx_word' id='word_1_122' title='bbox 937 2165 1012 2232; x_wconf 76' lang='grc'><strong>586.</strong></span> <span class='ocrx_word' id='word_1_123' title='bbox 1039 2162 1178 2228; x_wconf 85' lang='lat' dir='ltr'>credidit</span> <span class='ocrx_word' id='word_1_124' title='bbox 1203 2163 1425 2230; x_wconf 83' lang='lat' dir='ltr'>Harduiuns:</span> 
     </span>
     <span class='ocr_line' id='line_1_20' title="bbox 334 2259 1426 2343; baseline 0 -22"><span class='ocrx_word' id='word_1_125' title='bbox 334 2277 399 2322; x_wconf 92' lang='lat' dir='ltr'>non</span> <span class='ocrx_word' id='word_1_126' title='bbox 414 2260 527 2325; x_wconf 88' lang='lat' dir='ltr'>Samia</span> <span class='ocrx_word' id='word_1_127' title='bbox 542 2261 646 2343; x_wconf 74' lang='lat' dir='ltr'>virgo,</span> <span class='ocrx_word' id='word_1_128' title='bbox 660 2263 695 2326; x_wconf 90' lang='lat' dir='ltr'>in</span> <span class='ocrx_word' id='word_1_129' title='bbox 716 2262 827 2324; x_wconf 83' lang='lat' dir='ltr'>studio</span> <span class='ocrx_word' id='word_1_130' title='bbox 841 2261 1017 2324; x_wconf 87' lang='lat' dir='ltr'>decurrens</span> <span class='ocrx_word' id='word_1_131' title='bbox 1030 2281 1039 2336; x_wconf 89' lang='lat'><strong>;</strong></span> <span class='ocrx_word' id='word_1_132' title='bbox 1061 2262 1122 2336; x_wconf 89' lang='lat' dir='ltr'>uti,</span> <span class='ocrx_word' id='word_1_133' title='bbox 1137 2261 1180 2324; x_wconf 84' lang='lat' dir='ltr'>ad</span> <span class='ocrx_word' id='word_1_134' title='bbox 1203 2261 1359 2343; x_wconf 79' lang='lat' dir='ltr'>specim.</span> <span class='ocrx_word' id='word_1_135' title='bbox 1374 2259 1426 2324; x_wconf 87' lang='grc'>19.</span> 
     </span>
     <span class='ocr_line' id='line_1_21' title="bbox 333 2354 1505 2439; baseline 0.004 -23"><span class='ocrx_word' id='word_1_136' title='bbox 333 2354 418 2417; x_wconf 84' lang='lat' dir='ltr'>Tab.</span> <span class='ocrx_word' id='word_1_137' title='bbox 432 2355 464 2416; x_wconf 78' lang='grc'>8.</span> <span class='ocrx_word' id='word_1_138' title='bbox 480 2357 672 2420; x_wconf 81' lang='lat' dir='ltr'>Num.193.</span> <span class='ocrx_word' id='word_1_139' title='bbox 693 2359 833 2436; x_wconf 84' lang='lat' dir='ltr'>probare</span> <span class='ocrx_word' id='word_1_140' title='bbox 845 2359 975 2433; x_wconf 87' lang='lat' dir='ltr'>nititur,</span> <span class='ocrx_word' id='word_1_141' title='bbox 992 2376 1085 2422; x_wconf 88' lang='lat' dir='ltr'>amor</span> <span class='ocrx_word' id='word_1_142' title='bbox 1105 2379 1208 2436; x_wconf 88' lang='lat' dir='ltr'>meus,</span> <span class='ocrx_word' id='word_1_143' title='bbox 1224 2359 1428 2426; x_wconf 84' lang='lat' dir='ltr'>Morcllius:</span> <span class='ocrx_word' id='word_1_144' title='bbox 1504 2387 1505 2439; x_wconf 48' lang='lat' dir='ltr'>p</span> 
     </span>
     <span class='ocr_line' id='line_1_22' title="bbox 334 2451 1494 2536; baseline 0.009 -22"><span class='ocrx_word' id='word_1_145' title='bbox 334 2451 395 2514; x_wconf 85' lang='lat' dir='ltr'>sed</span> <span class='ocrx_word' id='word_1_146' title='bbox 429 2452 549 2534; x_wconf 88' lang='lat' dir='ltr'>procul</span> <span class='ocrx_word' id='word_1_147' title='bbox 568 2453 657 2515; x_wconf 92' lang='lat' dir='ltr'>omni</span> <span class='ocrx_word' id='word_1_148' title='bbox 680 2451 780 2515; x_wconf 88' lang='lat' dir='ltr'>dubio</span> <span class='ocrx_word' id='word_1_149' title='bbox 804 2451 930 2536; x_wconf 86' lang='lat' dir='ltr'>(juvat</span> <span class='ocrx_word' id='word_1_150' title='bbox 951 2455 1166 2533; x_wconf 84' lang='lat' dir='ltr'>Plutarchus,</span> <span class='ocrx_word' id='word_1_151' title='bbox 1191 2457 1347 2523; x_wconf 83' lang='lat' dir='ltr'>Graecar.</span> <span class='ocrx_word' id='word_1_152' title='bbox 1373 2459 1426 2524; x_wconf 80' lang='lat'>56.</span> <span class='ocrx_word' id='word_1_153' title='bbox 1491 2485 1494 2492; x_wconf 49' lang='lat'><strong>⁴</strong></span> 
     </span>
     <span class='ocr_line' id='line_1_23' title="bbox 334 2550 1427 2638; baseline 0.002 -20"><span class='ocrx_word' id='word_1_154' title='bbox 334 2551 484 2635; x_wconf 80' lang='lat' dir='ltr'>Quaest.)</span> <span class='ocrx_word' id='word_1_155' title='bbox 507 2550 669 2631; x_wconf 76' lang='lat' dir='ltr'>Amazon,</span> <span class='ocrx_word' id='word_1_156' title='bbox 699 2553 871 2622; x_wconf 76' lang='lat' dir='ltr'>Bacchum</span> <span class='ocrx_word' id='word_1_157' title='bbox 892 2552 1030 2638; x_wconf 80' lang='lat' dir='ltr'>fugiens,</span> <span class='ocrx_word' id='word_1_158' title='bbox 1049 2555 1128 2618; x_wconf 82' lang='lat' dir='ltr'>navi</span> <span class='ocrx_word' id='word_1_159' title='bbox 1156 2563 1358 2622; x_wconf 86' lang='lat' dir='ltr'>constructa</span> <span class='ocrx_word' id='word_1_160' title='bbox 1382 2577 1427 2623; x_wconf 85' lang='lat' dir='ltr'>ex</span> 
     </span>
     <span class='ocr_line' id='line_1_24' title="bbox 333 2651 1425 2736; baseline 0.003 -19"><span class='ocrx_word' id='word_1_161' title='bbox 333 2651 483 2736; x_wconf 82' lang='lat' dir='ltr'>Ephesia</span> <span class='ocrx_word' id='word_1_162' title='bbox 507 2653 629 2719; x_wconf 88' lang='lat' dir='ltr'>ditione</span> <span class='ocrx_word' id='word_1_163' title='bbox 647 2654 869 2719; x_wconf 69' lang='lat' dir='ltr'>msirctaus.</span> <span class='ocrx_word' id='word_1_164' title='bbox 912 2655 958 2718; x_wconf 90' lang='lat' dir='ltr'>Et</span> <span class='ocrx_word' id='word_1_165' title='bbox 979 2662 1026 2732; x_wconf 86' lang='lat' dir='ltr'>tn,</span> <span class='ocrx_word' id='word_1_166' title='bbox 1054 2655 1193 2736; x_wconf 76' lang='lat' dir='ltr'>Bageia,</span> <span class='ocrx_word' id='word_1_167' title='bbox 1213 2654 1281 2718; x_wconf 92' lang='lat' dir='ltr'>noli</span> <span class='ocrx_word' id='word_1_168' title='bbox 1306 2663 1425 2722; x_wconf 87' lang='lat' dir='ltr'>contra</span> 
     </span>
     <span class='ocr_line' id='line_1_25' title="bbox 334 2739 1422 2838; baseline -0.003 -18"><span class='ocrx_word' id='word_1_169' title='bbox 334 2754 475 2820; x_wconf 79' lang='lat' dir='ltr'>tondere.</span> <span class='ocrx_word' id='word_1_170' title='bbox 519 2753 680 2838; x_wconf 77' lang='lat' dir='ltr'>Respice,</span> <span class='ocrx_word' id='word_1_171' title='bbox 699 2754 830 2838; x_wconf 81' lang='lat' dir='ltr'>respice</span> <span class='ocrx_word' id='word_1_172' title='bbox 855 2755 971 2820; x_wconf 82' lang='lat' dir='ltr'>saltem</span> <span class='ocrx_word' id='word_1_173' title='bbox 992 2754 1167 2836; x_wconf 89' lang='lat' dir='ltr'>picturam,</span> <span class='ocrx_word' id='word_1_174' title='bbox 1179 2739 1225 2818; x_wconf 69' lang='lat' dir='ltr'>‘et</span> <span class='ocrx_word' id='word_1_175' title='bbox 1248 2757 1422 2836; x_wconf 77' lang='lat' dir='ltr'>cogitabis</span> 
     </span>
     <span class='ocr_line' id='line_1_26' title="bbox 334 2851 1420 2937; baseline 0.004 -23"><span class='ocrx_word' id='word_1_176' title='bbox 334 2851 425 2914; x_wconf 69' lang='lat' dir='ltr'>ahud</span> <span class='ocrx_word' id='word_1_177' title='bbox 446 2853 574 2914; x_wconf 86' lang='lat' dir='ltr'>esseio</span> <span class='ocrx_word' id='word_1_178' title='bbox 596 2852 683 2913; x_wconf 90' lang='lat' dir='ltr'>ludis</span> <span class='ocrx_word' id='word_1_179' title='bbox 704 2869 846 2928; x_wconf 67' lang='lat' dir='ltr'>carrae,</span> <span class='ocrx_word' id='word_1_180' title='bbox 859 2853 952 2916; x_wconf 84' lang='lat' dir='ltr'>uliud</span> <span class='ocrx_word' id='word_1_181' title='bbox 973 2871 1053 2917; x_wconf 88' lang='lat' dir='ltr'>varo</span> <span class='ocrx_word' id='word_1_182' title='bbox 1073 2854 1198 2937; x_wconf 85' lang='lat' dir='ltr'>trepide</span> <span class='ocrx_word' id='word_1_183' title='bbox 1217 2854 1348 2920; x_wconf 84' lang='lat' dir='ltr'>hostem</span> <span class='ocrx_word' id='word_1_184' title='bbox 1370 2855 1420 2918; x_wconf 85' lang='lat' dir='ltr'>su-</span> 
     </span>
     <span class='ocr_line' id='line_1_27' title="bbox 333 2964 419 3024; baseline -0.035 -15"><span class='ocrx_word' id='word_1_185' title='bbox 333 2964 419 3024; x_wconf 77' lang='lat' dir='ltr'>gere.</span> 
     </span>
    </p>
   </div>
   <div class='ocr_carea' id='block_1_3' title="bbox 468 3170 1277 3406">
    <p class='ocr_par' dir='ltr' id='par_1_7' title="bbox 468 3170 1277 3406">
     <span class='ocr_line' id='line_1_28' title="bbox 468 3170 1277 3245; baseline 0.009 -10"><span class='ocrx_word' id='word_1_186' title='bbox 468 3170 615 3238; x_wconf 85' lang='lat' dir='ltr'>XVIII.</span> <span class='ocrx_word' id='word_1_187' title='bbox 659 3171 788 3239; x_wconf 83' lang='lat' dir='ltr'>BlGA·</span> <span class='ocrx_word' id='word_1_188' title='bbox 809 3173 987 3242; x_wconf 81' lang='lat' dir='ltr'><strong>LUDOR.</strong></span> <span class='ocrx_word' id='word_1_189' title='bbox 1008 3175 1277 3245; x_wconf 82' lang='lat' dir='ltr'><strong>GURULIUM.</strong></span> 
     </span>
     <span class='ocr_line' id='line_1_29' title="bbox 699 3335 1031 3406; baseline 0.024 -8"><span class='ocrx_word' id='word_1_190' title='bbox 699 3335 779 3401; x_wconf 83' lang='lat' dir='ltr'>Lis.</span> <span class='ocrx_word' id='word_1_191' title='bbox 796 3355 852 3402; x_wconf 85' lang='grc' dir='ltr'>ιιι.</span> <span class='ocrx_word' id='word_1_192' title='bbox 875 3341 963 3405; x_wconf 78' lang='lat' dir='ltr'>Car.</span> <span class='ocrx_word' id='word_1_193' title='bbox 979 3343 1031 3406; x_wconf 87' lang='grc'>17.</span> 
     </span>
    </p>
   </div>
   <div class='ocr_carea' id='block_1_4' title="bbox 332 3491 1409 3682">
    <p class='ocr_par' dir='ltr' id='par_1_8' title="bbox 332 3491 1409 3682">
     <span class='ocr_line' id='line_1_30' title="bbox 332 3491 1409 3581; baseline 0.007 -22"><span class='ocrx_word' id='word_1_194' title='bbox 332 3498 342 3526; x_wconf 93' lang='lat'>‘</span> <span class='ocrx_word' id='word_1_195' title='bbox 357 3491 441 3560; x_wconf 81' lang='lat' dir='ltr'>Turn</span> <span class='ocrx_word' id='word_1_196' title='bbox 456 3492 596 3577; x_wconf 85' lang='lat' dir='ltr'>primurn</span> <span class='ocrx_word' id='word_1_197' title='bbox 611 3495 810 3581; x_wconf 81' lang='lat' dir='ltr'>quadrijugis</span> <span class='ocrx_word' id='word_1_198' title='bbox 825 3502 883 3581; x_wconf 89' lang='lat' dir='ltr'>qui</span> <span class='ocrx_word' id='word_1_199' title='bbox 906 3501 1065 3569; x_wconf 87' lang='lat' dir='ltr'>Eumelus</span> <span class='ocrx_word' id='word_1_200' title='bbox 1079 3514 1156 3571; x_wconf 84' lang='lat' dir='ltr'>ante</span> <span class='ocrx_word' id='word_1_201' title='bbox 1170 3494 1288 3573; x_wconf 79' lang='lat' dir='ltr'>onrues</span> <span class='ocrx_word' id='word_1_202' title='bbox 1301 3508 1409 3572; x_wconf 85' lang='lat' dir='ltr'>victor</span> 
     </span>
     <span class='ocr_line' id='line_1_31' title="bbox 440 3594 1305 3682; baseline 0.016 -23"><span class='ocrx_word' id='word_1_203' title='bbox 440 3594 639 3660; x_wconf 81' lang='lat' dir='ltr'>declaratur:</span> <span class='ocrx_word' id='word_1_204' title='bbox 661 3597 808 3679; x_wconf 78' lang='lat' dir='ltr'>bigarum</span> <span class='ocrx_word' id='word_1_205' title='bbox 816 3604 960 3682; x_wconf 72' lang='lat' dir='ltr'>praemia</span> <span class='ocrx_word' id='word_1_206' title='bbox 973 3604 1152 3672; x_wconf 89' lang='lat' dir='ltr'>Diomedes</span> <span class='ocrx_word' id='word_1_207' title='bbox 1165 3607 1305 3673; x_wconf 68' lang='lat' dir='ltr'>meruit!</span> 
     </span>
    </p>
   </div>
   <div class='ocr_carea' id='block_1_5' title="bbox 329 3742 1408 3939">
    <p class='ocr_par' dir='ltr' id='par_1_9' title="bbox 329 3742 1406 3939">
     <span class='ocr_line' id='line_1_32' title="bbox 372 3742 1406 3840; baseline 0.015 -33"><span class='ocrx_word' id='word_1_208' title='bbox 372 3742 494 3807; x_wconf 73' lang='lat' dir='ltr'>Inuus</span> <span class='ocrx_word' id='word_1_209' title='bbox 509 3742 688 3808; x_wconf 87' lang='lat' dir='ltr'>certamina</span> <span class='ocrx_word' id='word_1_210' title='bbox 702 3761 796 3810; x_wconf 82' lang='lat' dir='ltr'>sacra</span> <span class='ocrx_word' id='word_1_211' title='bbox 809 3752 842 3811; x_wconf 86' lang='lat' dir='ltr'>et</span> <span class='ocrx_word' id='word_1_212' title='bbox 854 3747 981 3814; x_wconf 84' lang='lat' dir='ltr'>ludicra</span> <span class='ocrx_word' id='word_1_213' title='bbox 994 3751 1085 3834; x_wconf 87' lang='lat' dir='ltr'>apud</span> <span class='ocrx_word' id='word_1_214' title='bbox 1104 3752 1243 3820; x_wconf 81' lang='lat' dir='ltr'>Graecos</span> <span class='ocrx_word' id='word_1_215' title='bbox 1262 3753 1322 3840; x_wconf 84' lang='lat' dir='ltr'>(de</span> <span class='ocrx_word' id='word_1_216' title='bbox 1336 3751 1406 3820; x_wconf 80' lang='lat' dir='ltr'>Ro·</span> 
     </span>
     <span class='ocr_line' id='line_1_33' title="bbox 329 3843 1408 3939; baseline 0.006 -31"><span class='ocrx_word' id='word_1_217' title='bbox 329 3861 504 3910; x_wconf 83' lang='lat' dir='ltr'>manorum</span> <span class='ocrx_word' id='word_1_218' title='bbox 524 3843 614 3910; x_wconf 86' lang='lat' dir='ltr'>ludis</span> <span class='ocrx_word' id='word_1_219' title='bbox 627 3845 829 3912; x_wconf 84' lang='lat' dir='ltr'>circensibus</span> <span class='ocrx_word' id='word_1_220' title='bbox 842 3847 897 3914; x_wconf 89' lang='lat' dir='ltr'>hic</span> <span class='ocrx_word' id='word_1_221' title='bbox 917 3849 1086 3934; x_wconf 81' lang='lat' dir='ltr'>digressus</span> <span class='ocrx_word' id='word_1_222' title='bbox 1100 3853 1196 3939; x_wconf 93' lang='lat' dir='ltr'>uole)</span> <span class='ocrx_word' id='word_1_223' title='bbox 1212 3854 1303 3920; x_wconf 80' lang='lat' dir='ltr'>fuere</span> <span class='ocrx_word' id='word_1_224' title='bbox 1323 3867 1408 3936; x_wconf 85' lang='lat' dir='ltr'>quo-</span> 
     </span>
    </p>
   </div>
   <div class='ocr_carea' id='block_1_6' title="bbox 330 3943 1405 4124">
    <p class='ocr_par' dir='ltr' id='par_1_10' title="bbox 330 3943 1405 4114">
     <span class='ocr_line' id='line_1_34' title="bbox 331 3943 1405 4052; baseline 0.019 -47"><span class='ocrx_word' id='word_1_225' title='bbox 331 3961 396 4023; x_wconf 86' lang='lat' dir='ltr'>qne</span> <span class='ocrx_word' id='word_1_226' title='bbox 416 3945 555 4010; x_wconf 87' lang='lat' dir='ltr'>curulia.</span> <span class='ocrx_word' id='word_1_227' title='bbox 598 3946 798 4030; x_wconf 90' lang='lat' dir='ltr'>Sophocles,</span> <span class='ocrx_word' id='word_1_228' title='bbox 815 3943 978 4016; x_wconf 65' lang='lat' dir='ltr'>Eleon.</span> <span class='ocrx_word' id='word_1_229' title='bbox 968 3971 1003 4016; x_wconf 87' lang='lat' dir='ltr'>ru</span> <span class='ocrx_word' id='word_1_230' title='bbox 1023 3954 1208 4021; x_wconf 78' lang='lat' dir='ltr'>uamtione</span> <span class='ocrx_word' id='word_1_231' title='bbox 1223 3947 1405 4052; x_wconf 69' lang='lat' dir='ltr'>padagogi</span> 
     </span>
     <span class='ocr_line' id='line_1_35' title="bbox 330 4037 782 4124; baseline 0.032 -25"><span class='ocrx_word' id='word_1_232' title='bbox 330 4037 417 4105; x_wconf 85' lang='lat' dir='ltr'>licta.</span> <span class='ocrx_word' id='word_1_233' title='bbox 458 4046 602 4124; x_wconf 84' lang='lat' dir='ltr'>Statius,</span> <span class='ocrx_word' id='word_1_234' title='bbox 618 4063 668 4112; x_wconf 89' lang='lat' dir='ltr'>vr.</span> <span class='ocrx_word' id='word_1_235' title='bbox 677 4046 782 4112; x_wconf 75' lang='lat' dir='ltr'>Theb.</span> 
     </span>
    </p>
   </div>
   <div class='ocr_carea' id='block_1_7' title="bbox 1114 4079 1236 4296">
    <p class='ocr_par' dir='ltr' id='par_1_11' title="bbox 1114 4079 1236 4296">
     <span class='ocr_line' id='line_1_36' title="bbox 1114 4079 1236 4296; baseline 0.009 -103"><span class='ocrx_word' id='word_1_236' title='bbox 1114 4079 1236 4296; x_wconf 38' lang='grc' dir='ltr'>,ῳῗ</span> 
     </span>
    </p>
   </div>
   <div class='ocr_carea' id='block_1_8' title="bbox 0 0 1518 4900">
    <p class='ocr_par' dir='ltr' id='par_1_12' title="bbox 0 0 1518 4900">
     <span class='ocr_line' id='line_1_37' title="bbox 0 0 1518 4900; baseline 0 2"><span class='ocrx_word' id='word_1_237' title='bbox 0 0 1518 4900; x_wconf 95' lang='lat' dir='ltr'> </span> 
     </span>
    </p>
   </div>
  </div>
 </body>
</html>
