3052 4900
331 471 395 540 sm
698 481 860 531 osaarrs
884 479 1043 531 ιιιιιιιιιι

330 624 470 694 eundem
485 624 765 708 Agamemnonem
779 624 916 690 minima
929 641 1003 689 cum
1019 623 1185 689 discordia
1200 622 1282 704 fieri,
1297 641 1409 707 posse.

331 729 416 796 ltem
430 729 678 802 commemorat,
694 724 785 808 quod
800 726 876 788 dum
897 725 927 788 is
950 743 1100 788 summus
1122 725 1298 807 imperator
1312 731 1413 802 esset,
1435 736 1437 741 ’

330 849 386 894 ros
400 845 560 912 prospere
575 833 679 908 gestae
689 827 765 902 siut,
776 831 809 888 et
820 824 902 888 satis
916 823 1236 888 felicem'exercitum
1248 824 1369 887 fuisse:
1383 823 1413 884 si

332 929 389 993 oui
404 925 487 1010 quid
501 925 591 990 aliud
607 926 766 1001 videatur,
782 923 889 987 dicere
905 922 1037 986 suadet.
1070 922 1195 986 Omnes
1210 922 1412 999 assentiuut3

330 1025 610 1108 Agamemnonem
623 1043 786 1088 sommum
800 1007 1035 1104 imperatorem
1051 1022 1246 1104 praeficiunt.
1270 1023 1413 1086 Postera

331 1125 387 1190 die
396 1123 531 1207 'llojaui
547 1123 730 1208 exoppido
742 1123 815 1188 laeti
828 1124 863 1186 in
872 1124 979 1187 aciem
987 1123 1158 1206 prodeunt.
1183 1122 1414 1204 Agamemnon
1446 1160 1449 1176 ι

331 1229 444 1292 conoe
458 1225 638 1289 exercitum
654 1225 782 1289 educit:
805 1225 921 1308 praelio
943 1225 1120 1288 commisso
1136 1228 1271 1305 uterque
1286 1223 1413 1286 exerci-

331 1331 386 1390 tus
400 1327 486 1390 inter
499 1343 536 1388 se
548 1323 711 1406 fugantur.
755 1324 940 1407 Postquam
955 1326 1060 1408 major
1083 1343 1161 1406 pars
1177 1324 1243 1387 diei
1271 1326 1413 1401 transiit,

331 1425 482 1509 procedit
495 1425 529 1490 in
542 1425 657 1508 primis
669 1424 820 1501 Troilus,
836 1426 949 1503 caedit,
963 1425 1126 1501 devastat,
1136 1422 1280 1505 Argivos
1291 1425 1413 1507 incas·

331 1531 383 1590 tra
394 1527 496 1608 fugat.
539 1525 678 1590 Postera
692 1526 748 1590 die
761 1527 897 1610 Trojani
919 1527 1103 1591 exercitum
1116 1525 1280 1588 educuntr
1302 1529 1416 1589 contra

331 1623 569 1708 Agamemnon.
614 1625 670 1688 Fit
693 1644 811 1706 magna
834 1625 957 1701 caedes,
984 1635 1120 1706 uterque
1142 1625 1311 1688 exercitus
1331 1615 1427 1688 inter'

331 1743 368 1790 se
391 1732 548 1807 pugnant,
571 1725 723 1806 praelium
748 1744 823 1812 acre
841 1724 889 1789 fit.
936 1725 1065 1788 Multos
1092 1724 1194 1788 duces
1216 1721 1415 1807 Argivorum
1460 1757 1471 1777 a

330 1821 461 1888 Τιοιιιιι
489 1823 660 1889 interfecit.
726 1825 897 1907 Pugnatur
927 1823 1095 1889 continuis
1125 1825 1243 1888 diebus
1256 1819 1413 1906 septem.

331 1921 561 2004 Agamemnon
576 1925 726 1990 inducias
750 1927 834 2009 petit
859 1929 894 1990 in
908 1926 993 1990 duos
1014 1943 1155 1990 menses.
1200 1924 1416 1988 Palamedem

332 2023 510 2104 magnifico
524 2023 634 2088 lunera
648 2023 751 2102 effert,
769 2032 958 2109 ceterosque
974 2012 1132 2091 duces'ac
1148 2025 1270 2089 milites
1284 2026 1416 2107 utrique
1496 2047 1499 2052 ·

334 2123 549 2206 sepeliendos
563 2131 691 2188 curant.
734 2125 815 2206 [30.]
830 2123 1068 2212 Agamemnon,
1072 2126 1155 2189 ,dum
1171 2124 1314 2188 induciae
1330 2131 1416 2203 sunt,

333 2223 436 2288 mittit
448 2222 490 2288 ad
505 2223 686 2301 Achillem,
702 2224 893 2305 Nestorem,
910 2226 1078 2310 Ulyssem,
1095 2223 1308 2303 Diomedem,
1315 2231 1350 2289 ut
1362 2245 1417 2290 ro-

334 2328 446 2406 garent
458 2323 576 2389 illum
566 2345 601 2388 ιιι
615 2324 738 2389 bellum
753 2326 899 2409 prodire.
939 2327 1092 2420 Abnegat
1105 2325 1254 2390 Achilles
1264 2332 1416 2412 moestus,

334 2427 458 2509 quod
442 2449 516 2511 yam
529 2429 777 2494 destinauerat
767 2449 801 2494 ru
817 2431 940 2494 bellurn
963 2449 1031 2494 non
1046 2429 1187 2514 prodire,
1210 2430 1253 2492 ob
1267 2405 1314 2490 id
1308 2429 1418 2510 quod

332 2528 529 2609 promiserat
543 2529 705 2606 Hecubae,
720 2531 877 2592 seminus
892 2538 1126 2612 pugnaturum,
1135 2529 1275 2610 eoquod
1291 2527 1417 2609 Polyx·
1428 2548 1431 2557 ¹

334 2642 430 2690 ouum
444 2628 541 2691 valde
555 2631 695 2693 amabat.
739 2628 853 2712 Coepit
873 2631 959 2692 male
983 2649 1042 2692 eos
1062 2629 1214 2726 accipere
1231 2627 1298 2708 qui
1315 2627 1359 2689 ad
1382 2627 1418 2723 'se

334 2734 503 2803 venerant,
514 2729 626 2793 dicens
641 2735 834 2810 perpetuam
848 2750 967 2811 pacem
978 2729 1050 2792 fieri
1065 2717 1236 2816 oportere:
1252 2732 1352 2790 tanta
1359 2745 1465 2840 9⁰33

335 2825 440 2890 rroula
450 2846 547 2892 umus
562 2829 705 2893 mulieris
712 2837 821 2893 causa
832 2829 916 2905 fierr
924 2830 1108 2894 libertatern
1119 2817 1311 2926 periclitari,
1324 2807 1455 2924 tantus

335 2929 677 3009 temporediffidere:
686 2949 808 3013 pacem
822 2931 1027 3015 expostulat,
1037 2927 1308 3034 puguamrennit
1328 2925 1423 3019 Aga-²

207 3112 215 3120 ·
261 3103 270 3120 ,
335 3029 504 3090 memnoni
528 3031 748 3108 renuntiatur,
761 3031 840 3120 quid
865 3050 945 3095 com
959 3028 1091 3131 Achille
1115 3013 1226 3092 actum
1251 3007 1316 3112 se,
1325 3013 1429 3091 illum
1462 3071 1465 3089 .

335 3124 690 3228 pertinaciternegare.
736 3129 966 3212 Agamemnon
980 3113 1093 3193 omues
1117 3123 1242 3206 duces
1232 3148 1267 3192 ιιι
1284 3128 1419 3196 consili-
1520 3134 1524 3138 '

334 3219 390 3287 itm
406 3232 514 3305 vocat,
530 3230 711 3330 exercitum
726 3229 879 3306 consulit,
892 3229 981 3312 qaid
986 3229 1057 3293 fieri
1072 3228 1202 3307 debeat,
1216 3225 1357 3312 ir'nperat
1370 3229 1419 3292 ιιι·
1445 3251 1473 3281 ω
1511 3228 1515 3234 ’

337 3343 410 3389 cere
421 3327 511 3410 quid
519 3313 640 3412 c'uique
655 3329 815 3395 videatur.
848 3327 1022 3395 Menelaus
1036 3331 1157 3404 hortari
1168 3330 1274 3413 coepit
1285 3329 1418 3393 fratrem
1456 3335 1460 3344 '

283 3467 286 3476 ·
336 3444 445 3504 suum,
467 3432 505 3491 ut
529 3430 642 3511 potius
663 3432 851 3496 exercitus
841 3451 877 3494 ιιι
891 3450 1038 3515 pugnam
1052 3407 1203 3514 prodeat,
1219 3451 1281 3495 nec
1296 3432 1417 3495 debere
1443 3433 1446 3442 '

336 3529 460 3604 terreri,
476 3529 506 3592 si
523 3528 672 3593 Achilles
687 3551 725 3595 se
741 3534 970 3598 excusaverit:
993 3552 1039 3596 se·
1050 3531 1161 3595 tamen
1183 3531 1418 3614 persuasurum

263 3645 265 3650 ·
332 3619 370 3690 “ei
384 3633 422 3691 ut
435 3629 573 3710 prodeat
586 3631 620 3692 in
635 3630 770 3710 bellum,
791 3631 977 3698 n'eo'uor'eri
1000 3633 1030 3695 si
1052 3628 1225 3694 noluerint
1267 3632 1420 3696 Commo·

214 3743 232 3808 ·,
253 3805 258 3816 1
319 3733 454 3814 smeret,
469 3727 633 3812 TroJ’auos
647 3748 714 3795 non
727 3731 851 3795 habere
863 3732 966 3797 alium
981 3733 1097 3797 virum
1103 3737 1171 3795 tam
1184 3715 1302 3796 sortem
1318 3751 1419 3816 quam

499 3850 502 3858 .
1164 3826 1169 3839 '
1200 3843 1202 3848 v
1300 3824 1305 3860 ι

827 3927 933 3979 NOTAE

310 4073 313 4084 ·
369 4031 595 4114 οἰἰιιιιιιιιιιριιέ
614 4053 731 4119 diffidere]
759 3997 858 4120 idest,
897 4014 1421 4119 pc’itnerrciguoitpoiutoa'r'lneooatut

270 4181 271 4186 Ἰ
326 4121 363 4168 ἰι
365 4122 410 4172 uad
427 4128 664 4192 temporeiusomto
679 4130 859 4182 redesumma
894 4148 947 4196 pur.
979 4121 1419 4192 nmmoigooitprtatqu’ilrofmdt.

330 4196 558 4270 'reiderperara
612 4255 615 4262 Δ
753 4245 755 4253 ι
898 4201 1206 4274 Sednolimlrocimitari.
1249 4213 1275 4264 t,

367 4261 449 4316 tua
466 4271 541 4318 meri
557 4273 579 4321 ιι
595 4276 706 4339 marta]
733 4279 802 4332 Gall.
822 4272 885 4332 Et
