3052 4900
393 337 441 385 nn
465 337 591 388 nxctn.
613 337 739 388 ruore
762 340 911 390 nrsroa.
1123 327 1191 393 305

108 497 177 542 mm
191 478 225 542 iu
239 479 443 561 superiorem
457 477 653 561 Phrygiam*
674 479 773 554 misit,
793 485 834 570 ut
842 483 1020 548 exercitum
1036 493 1188 568 pararet3

107 584 143 642 et
162 580 214 644 ita
234 586 359 662 prmsto
374 585 475 644 esset
518 578 718 656 Cassandra,
735 586 915 662 postquam
938 583 1065 650 audivit
1082 587 1188 668 patris

108 680 294 758 consilium,
309 679 416 744 dicere
428 679 532 761 coepit
544 698 622 762 quae
636 679 792 763 'lhojanis
806 679 915 744 futura
928 691 1050 759 essent,
1071 687 1099 746 si
1115 685 1189 750 Pri·

109 797 205 844 amus
219 787 447 862 perseveraret
461 781 604 844 classem
617 781 653 843 iu
661 779 829 846 Graeciam
843 781 983 844 mittere.
1011 781 1072 864 [9.]
1086 783 1190 848 Inter-

109 895 150 964 ea
170 885 297 964 tempus
316 881 527 964 supervenit:
550 898 654 945 nares
668 880 845 962 aedificate
860 888 948 946 sunt.
993 880 1121 944 Milites
1137 902 1191 946 su·

108 986 330 1061 pervenerunt,
345 1000 430 1064 quos
444 979 637 1046 Alexander
657 987 690 1047 at
712 982 911 1065 Deiphobus
934 983 967 1045 iu
990 981 1129 1048 Paeonia
1143 981 1192 1044 le-

108 1085 240 1159 geruum
256 1086 291 1143 at
305 1081 479 1144 uhlvisum
489 1087 542 1144 est
552 1100 653 1161 posse
663 1081 832 1162 navigare,
846 1081 999 1145 Priamus
1007 1081 1191 1146 exereitum

110 1177 309 1260 alloquitur:
335 1179 563 1244 Alexandrum
585 1179 823 1262 Imperatorem
849 1182 1010 1245 exercitui
1040 1181 1193 1264 praeficit,

108 1279 211 1343 mittit
224 1298 300 1343 cum
314 1297 354 1342 eo
369 1277 594 1360 Deiphobum,
608 1279 764 1354 AEuoam,
787 1278 1085 1360 Polydamarstem.t
1125 1280 1194 1343 Inr-

108 1383 270 1461 petatque
284 1377 489 1453 Alexandro,
511 1384 551 1440 ut
572 1377 715 1459 primum
736 1377 892 1461 Spartam
906 1379 1057 1457 accedat,
1073 1379 1194 1456 Custo-

108 1497 179 1542 rem
194 1483 228 1542 et
241 1478 413 1542 Pollucem
425 1476 611 1555 conveniat,
625 1484 661 1541 et
675 1478 784 1541 abhis
800 1484 906 1560 petat,
918 1488 955 1542 ut
970 1478 1123 1543 Hesiona
1137 1499 1194 1544 so-

109 1596 163 1641 ror
178 1576 250 1661 ejus
264 1577 428 1655 reddatur,
442 1584 477 1642 et
501 1577 583 1642 satis
604 1575 763 1660 Trojanis
787 1577 854 1641 fiat.
899 1576 1002 1654 Quod
1024 1579 1055 1640 si
1074 1596 1194 1661 negas-

111 1683 194 1755 sent,
207 1681 365 1744 coutinuo
377 1679 422 1742 ad
436 1697 472 1742 sa
486 1678 635 1742 nuntium
651 1678 780 1758 diriget,
800 1685 839 1741 ut
853 1679 1032 1742 exercitum
1047 1679 1082 1746 iu
1097 1678 1194 1744 Grae-

112 1779 199 1842 ciam
228 1779 337 1862 possit
364 1778 504 1842 mittere.
560 1775 717 1841 Posthaee
743 1775 935 1841 Alexander
962 1777 996 1839 in
1026 1777 1194 1846 Graeciam

111 1878 291 1960 navigavit,
307 1877 452 1942 adducto
466 1894 577 1942 secum
595 1875 681 1940 duce
702 1894 744 1939 eo
758 1874 818 1958 qui
840 1895 914 1940 eum
932 1874 1106 1940 Antenore
1121 1878 1195 1960 jam

110 1979 350 2058 navigaremus
393 1975 473 2040 Non
495 1974 615 2041 multos
634 1983 713 2040 ante
729 1975 814 2053 dica,
829 1994 930 2057 quarn
952 1973 1141 2041 Alexander
1160 1977 1196 2040 in

112 2077 282 2144 Grmciam
310 2077 488 2158 navigavit,
513 2083 546 2140 et
564 2081 739 2158 antequam
762 2077 795 2139 in
817 2075 960 2139 insulam
976 2073 1196 2156 Cytheream'

112 2178 298 2254 accederet,
309 2175 483 2242 Menelaus
495 2195 556 2242 rex
564 2176 609 2240 ad
620 2176 801 2240 Nestorem
811 2176 935 2258 Pylum
949 2175 1196 2257 proficiscens,'

601 2391 711 2443 NOTAE

145 2509 155 2535 ¹
172 2503 203 2551 1¹⁸
211 2503 352 2567 superiorem
362 2503 506 2569 Phrygiam]
528 2505 634 2568 Duplex
675 2517 724 2568 que
740 2500 871 2568 Cythera?
903 2501 951 2550 Est
966 2497 1198 2562 sutemjuxtsPe·

114 2576 165 2627 fnit
180 2575 303 2643 Phrygis,
319 2581 400 2644 major
420 2588 448 2630 et
469 2582 561 2638 minor,
580 2581 635 2631 sire
674 2575 1201 2642 loponnesum,iotrullaleempromonto·

113 2659 241 2714 magnaei
253 2666 349 2713 parm
366 2653 554 2716 atillaquidem
563 2655 635 2715 anus
674 2653 740 2700 rium
752 2656 780 2697 et
792 2648 944 2698 Laconicum
953 2647 1050 2699 sinum3
1066 2642 1200 2702 ‘Porphy-

115 2736 215 2789 partem
234 2726 337 2776 Gelatae
356 2731 563 2786 occupaverunt:
580 2728 636 2773 haec
676 2723 711 2770 ris
721 2720 728 2743 ’
740 2721 836 2778 Plinio,
846 2719 855 2745 ⁴
864 2713 1043 2777 Porphyrusa'
1056 2712 1201 2776 Eustethio,

113 2801 148 2850 sd
168 2799 364 2862 Hellespontum
383 2798 443 2854 sits,
460 2812 517 2861 quse
535 2804 563 2846 et
578 2797 638 2846 ideo
677 2791 753 2841 hodie
765 2791 861 2852 Gerigo.

115 2873 330 2936 Hellespontiaca
345 2873 415 2924 dicta
430 2879 480 2935 est,
490 2880 518 2921 et
532 2872 639 2936 Epicte·
710 2873 726 2898 '¹
742 2865 783 2915 Ad
801 2866 927 2914 Nestorem
943 2861 1031 2926 Pytna
1045 2861 1202 2926 proficiscens,

115 2955 167 2998 tos.
198 2948 258 2999 Jam
275 2961 326 2997 nou
345 2947 450 2996 dubium
467 2961 525 2996 esse
544 2953 640 3011 potest,
677 2942 731 3004 tra]
743 2940 807 2990 Tres
819 2938 892 2988 fuere
902 2936 962 3002 Pyli
973 2936 999 2985 in
1008 2935 1201 2999 Peloponneso:

72 3061 73 3064 ,
116 3023 176 3088 quin
194 3022 235 3072 hic
252 3035 299 3086 per
316 3021 473 3086 superiorem
491 3021 639 3086 Phrygium,
677 3031 730 3067 uuo
740 3017 766 3065 iu
777 3014 862 3077 Elide,
871 3013 903 3063 ed
913 3011 1019 3062 flurium
1027 3012 1203 3071 Selleeutem3

116 3098 249 3159 minorem,
267 3110 311 3145 seu
330 3111 445 3159 persam,
465 3095 641 3156 intellexerit3
679 3091 730 3141 slis
746 3091 773 3140 ln
784 3089 907 3150 Arandis,
917 3088 996 3149 juxte
1008 3082 1113 3135 fluuium
1127 3087 1202 3136 Ams-

117 3185 175 3222 nam
192 3178 220 3223 et
234 3171 364 3222 Aristides
380 3185 485 3234 parram
500 3171 640 3234 Phrygiam
680 3167 768 3225 thnm;
796 3164 876 3214 tertia
897 3163 924 3209 in
940 3160 1088 3219 Messania3
1114 3173 1203 3211 omues

118 3249 274 3311 superiorem
284 3248 394 3296 vocarit.
680 3239 729 3290 sihi
740 3240 876 3289 Nestorem
892 3235 1060 3285 vindicantes.
1092 3233 1144 3281 Sed
1162 3248 1203 3282 sa-

150 3325 159 3354 ῑ
180 3321 335 3384 Deiphobum,
351 3321 464 3381 ’ΛΕΜ
484 3318 642 3381 Polydamas·
680 3316 789 3366 cundem
802 3328 888 3364 reram
902 3310 1021 3363 Nestoris
1038 3309 1148 3373 patriam
1166 3307 1205 3358 su·

119 3396 178 3459 tem]
213 3396 279 3446 lude
300 3396 367 3459 epod
390 3395 498 3458 Dictys,
517 3408 537 3443 r.
559 3392 641 3449 initio,
678 3392 773 3450 issesu
790 3389 904 3440 Homero
922 3386 1014 3451 prohat
1028 3385 1204 3446 struhavru.

119 3473 194 3521 ‘curn
205 3463 287 3521 AErr’eu
297 3472 402 3536 aliisque
414 3485 448 3520 ex
463 3467 641 3531 consanguiui·
679 3465 731 3515 Hic
742 3478 803 3513 reru
814 3464 896 3512 Dares
908 3460 992 3510 tsrtlse
1003 3460 1141 3509 Nestorem
1151 3457 1204 3504 rin·

121 3552 176 3596 ¹⁸⁸²
192 3545 358 3609 propinqua:
390 3546 442 3596 Ubi
456 3545 516 3595 ‘ride
535 3549 642 3594 annota-
679 3539 767 3589 dicere
783 3539 966 3599 vldstnr,cum
983 3534 1029 3593 ait,
1046 3532 1204 3592 Menelaum,

120 3628 158 3669 ts.
680 3627 714 3662 ex
723 3613 817 3675 Sparta
825 3625 872 3675 per
880 3623 950 3660 mure
963 3607 994 3656 ad
1006 3606 1098 3669 Pylum
1110 3604 1204 3652 Nesto·
1246 3621 1247 3626 ¹

153 3690 645 3754 ¹¹⁴DucesoyssicsssssAuteuosejaossurci-
682 3686 718 3736 ris
737 3685 954 3749 proticiscentem,
975 3683 1045 3732 circa
1067 3678 1206 3741 Cytheram

121 3765 232 3829 σωυτοῦ]
254 3764 411 3815 Ssdnullsnr
421 3762 645 3826 ejusducissutss
683 3760 934 3811 Peridiocourrisse.
967 3757 1060 3818 Neque
1070 3754 1137 3802 sulm
1152 3755 1205 3802 Da·

70 3877 76 3887 .
122 3841 280 3892 mentionem
288 3837 359 3888 lecit.
626 3855 627 3858 ¹
683 3848 725 3884 res
746 3834 894 3883 Menelaum
916 3830 948 3879 ud
967 3829 1156 3892 alteramque
1179 3829 1205 3878 iu

155 3915 214 3962 'ln
231 3913 333 3962 iustum
353 3911 504 3975 cytheream]
533 3908 646 3974 Cythera
683 3901 1205 3968 Arcadteerst,permaroduxissstmum

125 3987 221 4036 dieitur
230 3987 317 4036 strab.
330 3999 392 4036 vrrr.
400 3995 428 4034 et
436 3985 527 4049 virgil.
537 3997 569 4035 x.
582 3985 646 4034 ‘list
686 3981 804 4031 terrestri
816 3982 908 4030 itinere
919 3978 960 4026 sia
968 3975 1049 4026 therit
1057 3975 1168 4026 brevior.

124 4061 262 4121 Amathus,
273 4066 314 4108 est
327 4061 397 4109 celse
406 4059 467 4110 nihi
480 4060 593 4124 Paphos,
608 4064 646 4106 at·

158 4139 246 4201 Delpl.
255 4143 278 4188 et
290 4138 348 4188 Vos.
360 4140 424 4188 Cloe.
581 4137 650 4187 Diei.
663 4136 728 4186 Cret.
746 4135 784 4196 lys.
1118 4131 1144 4179 U
