<?xml version="1.0" encoding="UTF-8"?>
<!DOCTYPE html PUBLIC "-//W3C//DTD XHTML 1.0 Transitional//EN"
    "http://www.w3.org/TR/xhtml1/DTD/xhtml1-transitional.dtd">
<html xmlns="http://www.w3.org/1999/xhtml" xml:lang="en" lang="en">
 <head>
  <title>
</title>
<meta http-equiv="Content-Type" content="text/html;charset=utf-8" />
  <meta name='ocr-system' content='tesseract 3.04.00' />
  <meta name='ocr-capabilities' content='ocr_page ocr_carea ocr_par ocr_line ocrx_word'/>
</head>
<body>
  <div class='ocr_page' id='page_1' title='image "./dictyscretensis00smidgoog_0033.png"; bbox 0 0 3036 4918; ppageno 0'>
   <div class='ocr_carea' id='block_1_1' title="bbox 379 355 1287 432">
    <p class='ocr_par' dir='ltr' id='par_1_1' title="bbox 379 355 1287 432">
     <span class='ocr_line' id='line_1_1' title="bbox 379 355 1287 432; baseline 0.008 -6"><span class='ocrx_word' id='word_1_1' title='bbox 379 377 630 428; x_wconf 75' lang='lat' dir='ltr'>nnnrsronrr</span> <span class='ocrx_word' id='word_1_2' title='bbox 655 371 963 432; x_wconf 71' lang='lat' dir='ltr'>nnnnrrnosasr.</span> <span class='ocrx_word' id='word_1_3' title='bbox 1030 413 1031 419; x_wconf 19' lang='grc' dir='ltr'>ι</span> <span class='ocrx_word' id='word_1_4' title='bbox 1166 367 1210 432; x_wconf 74' lang='grc'>23</span> <span class='ocrx_word' id='word_1_5' title='bbox 1283 355 1287 360; x_wconf 69' lang='grc'>’</span> 
     </span>
    </p>
   </div>
   <div class='ocr_carea' id='block_1_2' title="bbox 51 520 1220 2107">
    <p class='ocr_par' dir='ltr' id='par_1_2' title="bbox 51 520 1217 1787">
     <span class='ocr_line' id='line_1_2' title="bbox 121 520 1210 608; baseline 0.004 -22"><span class='ocrx_word' id='word_1_6' title='bbox 121 522 189 586; x_wconf 84' lang='lat' dir='ltr'>sibi</span> <span class='ocrx_word' id='word_1_7' title='bbox 204 521 399 604; x_wconf 76' lang='lat' dir='ltr'>praescripto</span> <span class='ocrx_word' id='word_1_8' title='bbox 414 520 446 584; x_wconf 91' lang='lat' dir='ltr'>in</span> <span class='ocrx_word' id='word_1_9' title='bbox 461 521 580 602; x_wconf 83' lang='lat' dir='ltr'>vulgus</span> <span class='ocrx_word' id='word_1_10' title='bbox 595 521 765 603; x_wconf 84' lang='lat' dir='ltr'>quondam</span> <span class='ocrx_word' id='word_1_11' title='bbox 786 523 879 586; x_wconf 89' lang='lat' dir='ltr'>exiit.</span> <span class='ocrx_word' id='word_1_12' title='bbox 922 523 1054 608; x_wconf 87' lang='lat' dir='ltr'>Nempe</span> <span class='ocrx_word' id='word_1_13' title='bbox 1076 523 1210 599; x_wconf 88' lang='lat' dir='ltr'>Snidas,</span> 
     </span>
     <span class='ocr_line' id='line_1_3' title="bbox 122 619 1210 706; baseline 0.006 -22"><span class='ocrx_word' id='word_1_14' title='bbox 122 621 296 685; x_wconf 70' lang='lat' dir='ltr'>lohannes</span> <span class='ocrx_word' id='word_1_15' title='bbox 311 619 448 695; x_wconf 85' lang='lat' dir='ltr'>Mulela,</span> <span class='ocrx_word' id='word_1_16' title='bbox 460 626 493 684; x_wconf 90' lang='lat' dir='ltr'>et</span> <span class='ocrx_word' id='word_1_17' title='bbox 508 641 551 684; x_wconf 87' lang='lat' dir='ltr'>ex</span> <span class='ocrx_word' id='word_1_18' title='bbox 565 639 605 685; x_wconf 91' lang='lat' dir='ltr'>eo</span> <span class='ocrx_word' id='word_1_19' title='bbox 615 620 772 699; x_wconf 83' lang='lat' dir='ltr'>Tzetzes,</span> <span class='ocrx_word' id='word_1_20' title='bbox 788 621 970 698; x_wconf 72' lang='lat' dir='ltr'>cedrenus,</span> <span class='ocrx_word' id='word_1_21' title='bbox 984 623 1116 706; x_wconf 82' lang='lat' dir='ltr'>aliiqne‚</span> <span class='ocrx_word' id='word_1_22' title='bbox 1126 644 1210 706; x_wconf 88' lang='lat' dir='ltr'>quos</span> 
     </span>
     <span class='ocr_line' id='line_1_4' title="bbox 51 719 1209 804; baseline 0.004 -21"><span class='ocrx_word' id='word_1_23' title='bbox 51 792 54 801; x_wconf 31' lang='lat'>¹</span> <span class='ocrx_word' id='word_1_24' title='bbox 125 722 204 784; x_wconf 82' lang='lat' dir='ltr'>vide</span> <span class='ocrx_word' id='word_1_25' title='bbox 212 721 298 803; x_wconf 92' lang='lat' dir='ltr'>apud</span> <span class='ocrx_word' id='word_1_26' title='bbox 310 720 453 788; x_wconf 82' lang='lat' dir='ltr'>Leonem</span> <span class='ocrx_word' id='word_1_27' title='bbox 470 719 630 784; x_wconf 88' lang='lat' dir='ltr'>Allatinm</span> <span class='ocrx_word' id='word_1_28' title='bbox 646 719 688 784; x_wconf 90' lang='lat' dir='ltr'>de</span> <span class='ocrx_word' id='word_1_29' title='bbox 705 721 821 784; x_wconf 83' lang='lat' dir='ltr'>Patria</span> <span class='ocrx_word' id='word_1_30' title='bbox 837 719 981 784; x_wconf 88' lang='lat' dir='ltr'>Homeri</span> <span class='ocrx_word' id='word_1_31' title='bbox 995 741 1071 804; x_wconf 77' lang='lat' dir='ltr'>pag·</span> <span class='ocrx_word' id='word_1_32' title='bbox 1086 725 1138 786; x_wconf 78' lang='lat'>53.</span> <span class='ocrx_word' id='word_1_33' title='bbox 1149 727 1209 788; x_wconf 76' lang='lat' dir='ltr'>duc.</span> 
     </span>
     <span class='ocr_line' id='line_1_5' title="bbox 124 821 1210 904; baseline 0.004 -20"><span class='ocrx_word' id='word_1_34' title='bbox 124 840 166 884; x_wconf 86' lang='lat' dir='ltr'>eo</span> <span class='ocrx_word' id='word_1_35' title='bbox 180 821 393 902; x_wconf 83' lang='lat' dir='ltr'>usquonobis</span> <span class='ocrx_word' id='word_1_36' title='bbox 410 821 609 901; x_wconf 81' lang='lat' dir='ltr'>praeiverunt</span> <span class='ocrx_word' id='word_1_37' title='bbox 622 821 686 885; x_wconf 92' lang='lat' dir='ltr'>hac</span> <span class='ocrx_word' id='word_1_38' title='bbox 712 823 749 884; x_wconf 92' lang='lat' dir='ltr'>in</span> <span class='ocrx_word' id='word_1_39' title='bbox 759 822 944 898; x_wconf 85' lang='lat' dir='ltr'>sententia,</span> <span class='ocrx_word' id='word_1_40' title='bbox 959 826 998 884; x_wconf 89' lang='lat' dir='ltr'>nt</span> <span class='ocrx_word' id='word_1_41' title='bbox 1012 823 1149 904; x_wconf 84' lang='lat' dir='ltr'>quidam</span> <span class='ocrx_word' id='word_1_42' title='bbox 1168 843 1210 888; x_wconf 84' lang='lat' dir='ltr'>ex</span> 
     </span>
     <span class='ocr_line' id='line_1_6' title="bbox 124 909 1213 1002; baseline 0.003 -20"><span class='ocrx_word' id='word_1_43' title='bbox 124 909 279 984; x_wconf 76' lang='lat' dir='ltr'>iis&#39;etiam</span> <span class='ocrx_word' id='word_1_44' title='bbox 297 921 477 984; x_wconf 82' lang='lat' dir='ltr'>Homerum</span> <span class='ocrx_word' id='word_1_45' title='bbox 491 937 535 982; x_wconf 82' lang='lat' dir='ltr'>ex</span> <span class='ocrx_word' id='word_1_46' title='bbox 557 920 614 982; x_wconf 90' lang='lat' dir='ltr'>illo</span> <span class='ocrx_word' id='word_1_47' title='bbox 638 920 762 1002; x_wconf 76' lang='lat' dir='ltr'>Dictys</span> <span class='ocrx_word' id='word_1_48' title='bbox 782 939 845 984; x_wconf 87' lang='lat' dir='ltr'>sua</span> <span class='ocrx_word' id='word_1_49' title='bbox 859 921 1012 986; x_wconf 80' lang='lat' dir='ltr'>hausisse</span> <span class='ocrx_word' id='word_1_50' title='bbox 1029 920 1213 986; x_wconf 81' lang='lat' dir='ltr'>affirmave-</span> 
     </span>
     <span class='ocr_line' id='line_1_7' title="bbox 123 1019 1213 1101; baseline 0.004 -19"><span class='ocrx_word' id='word_1_51' title='bbox 123 1021 197 1084; x_wconf 87' lang='lat' dir='ltr'>rint.</span> <span class='ocrx_word' id='word_1_52' title='bbox 242 1019 323 1084; x_wconf 85' lang='lat' dir='ltr'>Inde</span> <span class='ocrx_word' id='word_1_53' title='bbox 349 1038 425 1101; x_wconf 85' lang='lat' dir='ltr'>ergo</span> <span class='ocrx_word' id='word_1_54' title='bbox 450 1027 486 1098; x_wconf 86' lang='lat' dir='ltr'>et</span> <span class='ocrx_word' id='word_1_55' title='bbox 506 1019 650 1083; x_wconf 87' lang='lat' dir='ltr'>Vossius</span> <span class='ocrx_word' id='word_1_56' title='bbox 675 1021 835 1084; x_wconf 81' lang='lat' dir='ltr'>Pateria</span> <span class='ocrx_word' id='word_1_57' title='bbox 860 1021 1045 1086; x_wconf 88' lang='lat' dir='ltr'>Historicis</span> <span class='ocrx_word' id='word_1_58' title='bbox 1069 1022 1213 1099; x_wconf 68' lang='lat' dir='ltr'>Graecis</span> 
     </span>
     <span class='ocr_line' id='line_1_8' title="bbox 124 1119 1215 1207; baseline 0.001 -21"><span class='ocrx_word' id='word_1_59' title='bbox 124 1120 314 1202; x_wconf 83' lang='lat' dir='ltr'>Scriptores</span> <span class='ocrx_word' id='word_1_60' title='bbox 336 1119 513 1203; x_wconf 87' lang='lat' dir='ltr'>quosdam,</span> <span class='ocrx_word' id='word_1_61' title='bbox 538 1120 641 1202; x_wconf 91' lang='lat' dir='ltr'>inque</span> <span class='ocrx_word' id='word_1_62' title='bbox 662 1120 705 1184; x_wconf 91' lang='lat' dir='ltr'>iis</span> <span class='ocrx_word' id='word_1_63' title='bbox 727 1121 815 1184; x_wconf 91' lang='lat' dir='ltr'>hunc</span> <span class='ocrx_word' id='word_1_64' title='bbox 839 1122 974 1204; x_wconf 83' lang='lat' dir='ltr'>Dictyu,</span> <span class='ocrx_word' id='word_1_65' title='bbox 999 1122 1041 1185; x_wconf 88' lang='lat' dir='ltr'>ad</span> <span class='ocrx_word' id='word_1_66' title='bbox 1069 1122 1215 1207; x_wconf 79' lang='lat' dir='ltr'>Trojuna</span> 
     </span>
     <span class='ocr_line' id='line_1_9' title="bbox 57 1219 1214 1314; baseline 0.003 -32"><span class='ocrx_word' id='word_1_67' title='bbox 57 1304 61 1314; x_wconf 63' lang='lat'>„</span> <span class='ocrx_word' id='word_1_68' title='bbox 121 1227 279 1301; x_wconf 84' lang='lat' dir='ltr'>tempora</span> <span class='ocrx_word' id='word_1_69' title='bbox 293 1221 399 1285; x_wconf 82' lang='lat' dir='ltr'>refert.</span> <span class='ocrx_word' id='word_1_70' title='bbox 444 1220 512 1282; x_wconf 88' lang='lat' dir='ltr'>Sed</span> <span class='ocrx_word' id='word_1_71' title='bbox 535 1229 570 1282; x_wconf 88' lang='lat' dir='ltr'>et</span> <span class='ocrx_word' id='word_1_72' title='bbox 590 1220 662 1284; x_wconf 89' lang='lat' dir='ltr'>Leo</span> <span class='ocrx_word' id='word_1_73' title='bbox 678 1219 822 1284; x_wconf 85' lang='lat' dir='ltr'>Allatius</span> <span class='ocrx_word' id='word_1_74' title='bbox 837 1222 1004 1286; x_wconf 77' lang='lat' dir='ltr'>Graeculis</span> <span class='ocrx_word' id='word_1_75' title='bbox 1027 1223 1111 1298; x_wconf 87' lang='lat' dir='ltr'>sois,</span> <span class='ocrx_word' id='word_1_76' title='bbox 1127 1240 1214 1305; x_wconf 88' lang='lat' dir='ltr'>quos</span> 
     </span>
     <span class='ocr_line' id='line_1_10' title="bbox 124 1319 1215 1406; baseline 0.001 -21"><span class='ocrx_word' id='word_1_77' title='bbox 124 1319 225 1385; x_wconf 87' lang='lat' dir='ltr'>modo</span> <span class='ocrx_word' id='word_1_78' title='bbox 240 1320 435 1396; x_wconf 83' lang='lat' dir='ltr'>memoravi,</span> <span class='ocrx_word' id='word_1_79' title='bbox 450 1320 549 1382; x_wconf 89' lang='lat' dir='ltr'>nimis</span> <span class='ocrx_word' id='word_1_80' title='bbox 570 1319 704 1384; x_wconf 83' lang='lat' dir='ltr'>facilem</span> <span class='ocrx_word' id='word_1_81' title='bbox 727 1329 786 1384; x_wconf 89' lang='lat' dir='ltr'>aut</span> <span class='ocrx_word' id='word_1_82' title='bbox 808 1323 980 1385; x_wconf 89' lang='lat' dir='ltr'>credulum</span> <span class='ocrx_word' id='word_1_83' title='bbox 1002 1343 1038 1386; x_wconf 83' lang='lat' dir='ltr'>sc</span> <span class='ocrx_word' id='word_1_84' title='bbox 1059 1323 1215 1406; x_wconf 86' lang='lat' dir='ltr'>praebuit,</span> 
     </span>
     <span class='ocr_line' id='line_1_11' title="bbox 125 1421 1217 1509; baseline 0.004 -25"><span class='ocrx_word' id='word_1_85' title='bbox 125 1421 322 1504; x_wconf 85' lang='lat' dir='ltr'>Dictynque</span> <span class='ocrx_word' id='word_1_86' title='bbox 344 1423 432 1487; x_wconf 85' lang='lat' dir='ltr'>hunc</span> <span class='ocrx_word' id='word_1_87' title='bbox 461 1440 536 1485; x_wconf 83' lang='lat' dir='ltr'>vere</span> <span class='ocrx_word' id='word_1_88' title='bbox 561 1423 716 1488; x_wconf 83' lang='lat' dir='ltr'>‘Troicis</span> <span class='ocrx_word' id='word_1_89' title='bbox 741 1427 946 1509; x_wconf 85' lang='lat' dir='ltr'>temporibus</span> <span class='ocrx_word' id='word_1_90' title='bbox 978 1424 1162 1509; x_wconf 82' lang='lat' dir='ltr'>aequalem,&#39;</span> <span class='ocrx_word' id='word_1_91' title='bbox 1184 1431 1217 1489; x_wconf 87' lang='lat' dir='ltr'>et</span> 
     </span>
     <span class='ocr_line' id='line_1_12' title="bbox 124 1521 1216 1603; baseline 0.002 -17"><span class='ocrx_word' id='word_1_92' title='bbox 124 1521 203 1586; x_wconf 86' lang='lat' dir='ltr'>ideo</span> <span class='ocrx_word' id='word_1_93' title='bbox 219 1522 384 1598; x_wconf 85' lang='lat' dir='ltr'>‘Italica‚.&#39;</span> <span class='ocrx_word' id='word_1_94' title='bbox 407 1541 484 1603; x_wconf 84' lang='lat' dir='ltr'>quae</span> <span class='ocrx_word' id='word_1_95' title='bbox 502 1523 636 1603; x_wconf 82' lang='lat' dir='ltr'>volgata</span> <span class='ocrx_word' id='word_1_96' title='bbox 652 1525 767 1588; x_wconf 87' lang='lat' dir='ltr'>Suidae</span> <span class='ocrx_word' id='word_1_97' title='bbox 782 1526 881 1590; x_wconf 87' lang='lat' dir='ltr'>lectio</span> <span class='ocrx_word' id='word_1_98' title='bbox 902 1526 953 1590; x_wconf 93' lang='lat' dir='ltr'>illi</span> <span class='ocrx_word' id='word_1_99' title='bbox 972 1529 1097 1601; x_wconf 87' lang='lat' dir='ltr'>tribuit,</span> <span class='ocrx_word' id='word_1_100' title='bbox 1112 1525 1216 1588; x_wconf 86' lang='lat' dir='ltr'>‘seri-</span> 
     </span>
     <span class='ocr_line' id='line_1_13' title="bbox 123 1623 1217 1704; baseline 0.002 -18"><span class='ocrx_word' id='word_1_101' title='bbox 123 1623 201 1686; x_wconf 86' lang='lat' dir='ltr'>bere</span> <span class='ocrx_word' id='word_1_102' title='bbox 217 1641 281 1686; x_wconf 93' lang='lat' dir='ltr'>non</span> <span class='ocrx_word' id='word_1_103' title='bbox 298 1623 473 1704; x_wconf 91' lang='lat' dir='ltr'>potuisse&#39;</span> <span class='ocrx_word' id='word_1_104' title='bbox 486 1625 693 1702; x_wconf 51' lang='lat' dir='ltr'>contenditst</span> <span class='ocrx_word' id='word_1_105' title='bbox 702 1645 778 1690; x_wconf 87' lang='lat' dir='ltr'>cnm</span> <span class='ocrx_word' id='word_1_106' title='bbox 793 1634 874 1690; x_wconf 90' lang='lat' dir='ltr'>tunc</span> <span class='ocrx_word' id='word_1_107' title='bbox 889 1626 1019 1691; x_wconf 84' lang='lat' dir='ltr'>Italicae</span> <span class='ocrx_word' id='word_1_108' title='bbox 1036 1627 1140 1690; x_wconf 87' lang='lat' dir='ltr'>resin</span> <span class='ocrx_word' id='word_1_109' title='bbox 1156 1626 1217 1689; x_wconf 90' lang='lat' dir='ltr'>ob-</span> 
     </span>
     <span class='ocr_line' id='line_1_14' title="bbox 124 1723 379 1788; baseline 0.009 -3"><span class='ocrx_word' id='word_1_110' title='bbox 124 1740 228 1786; x_wconf 85' lang='lat' dir='ltr'>scuro</span> <span class='ocrx_word' id='word_1_111' title='bbox 243 1723 379 1788; x_wconf 62' lang='lat' dir='ltr'>essent?</span> 
     </span>
    </p>

    <p class='ocr_par' dir='ltr' id='par_1_3' title="bbox 104 1823 1220 2107">
     <span class='ocr_line' id='line_1_15' title="bbox 104 1823 1218 1905; baseline 0.003 -22"><span class='ocrx_word' id='word_1_112' title='bbox 104 1879 110 1892; x_wconf 86' lang='grc'>,</span> <span class='ocrx_word' id='word_1_113' title='bbox 131 1839 214 1884; x_wconf 90' lang='grc' dir='ltr'>ιι.</span> <span class='ocrx_word' id='word_1_114' title='bbox 237 1823 353 1886; x_wconf 79' lang='lat' dir='ltr'>Errare</span> <span class='ocrx_word' id='word_1_115' title='bbox 366 1834 477 1889; x_wconf 87' lang='lat' dir='ltr'>autem</span> <span class='ocrx_word' id='word_1_116' title='bbox 491 1845 552 1888; x_wconf 89' lang='lat' dir='ltr'>eos</span> <span class='ocrx_word' id='word_1_117' title='bbox 570 1833 605 1889; x_wconf 90' lang='lat' dir='ltr'>ut</span> <span class='ocrx_word' id='word_1_118' title='bbox 620 1833 761 1898; x_wconf 85' lang='lat' dir='ltr'>constet,</span> <span class='ocrx_word' id='word_1_119' title='bbox 777 1826 1016 1890; x_wconf 88' lang='lat' dir='ltr'>ostendendum</span> <span class='ocrx_word' id='word_1_120' title='bbox 1030 1826 1127 1888; x_wconf 89' lang='lat' dir='ltr'>nobis</span> <span class='ocrx_word' id='word_1_121' title='bbox 1150 1825 1218 1905; x_wconf 89' lang='lat' dir='ltr'>pri·</span> 
     </span>
     <span class='ocr_line' id='line_1_16' title="bbox 118 1920 1219 2010; baseline 0.004 -27"><span class='ocrx_word' id='word_1_122' title='bbox 118 1939 169 1984; x_wconf 63' lang='lat' dir='ltr'>vus</span> <span class='ocrx_word' id='word_1_123' title='bbox 184 1920 326 1986; x_wconf 86' lang='lat' dir='ltr'>Graecos</span> <span class='ocrx_word' id='word_1_124' title='bbox 340 1923 457 2002; x_wconf 88' lang='lat' dir='ltr'>hosce,</span> <span class='ocrx_word' id='word_1_125' title='bbox 484 1927 544 2007; x_wconf 89' lang='lat' dir='ltr'>qui</span> <span class='ocrx_word' id='word_1_126' title='bbox 559 1927 683 2010; x_wconf 84' lang='lat' dir='ltr'>Dictyn</span> <span class='ocrx_word' id='word_1_127' title='bbox 708 1926 847 1990; x_wconf 89' lang='lat' dir='ltr'>subinde</span> <span class='ocrx_word' id='word_1_128' title='bbox 865 1925 1016 2001; x_wconf 87' lang='lat' dir='ltr'>laudant,</span> <span class='ocrx_word' id='word_1_129' title='bbox 1033 1943 1098 1987; x_wconf 94' lang='lat' dir='ltr'>non</span> <span class='ocrx_word' id='word_1_130' title='bbox 1114 1925 1219 1988; x_wconf 88' lang='lat' dir='ltr'>alium</span> 
     </span>
     <span class='ocr_line' id='line_1_17' title="bbox 124 2021 1220 2107; baseline 0.005 -23"><span class='ocrx_word' id='word_1_131' title='bbox 124 2021 303 2098; x_wconf 86' lang='lat' dir='ltr'>babuisse,</span> <span class='ocrx_word' id='word_1_132' title='bbox 319 2025 531 2104; x_wconf 78' lang='lat' dir='ltr'>quambene,</span> <span class='ocrx_word' id='word_1_133' title='bbox 547 2026 606 2106; x_wconf 90' lang='lat' dir='ltr'>qui</span> <span class='ocrx_word' id='word_1_134' title='bbox 629 2026 773 2089; x_wconf 89' lang='lat' dir='ltr'>Neronis</span> <span class='ocrx_word' id='word_1_135' title='bbox 792 2034 940 2107; x_wconf 87' lang='lat' dir='ltr'>tempore</span> <span class='ocrx_word' id='word_1_136' title='bbox 961 2024 1114 2106; x_wconf 85' lang='lat' dir='ltr'>fingitur</span> <span class='ocrx_word' id='word_1_137' title='bbox 1105 2041 1220 2089; x_wconf 79' lang='lat' dir='ltr'>inven-</span> 
     </span>
    </p>
   </div>
   <div class='ocr_carea' id='block_1_3' title="bbox 18 2121 1221 2218">
    <p class='ocr_par' dir='ltr' id='par_1_4' title="bbox 18 2121 1221 2218">
     <span class='ocr_line' id='line_1_18' title="bbox 18 2121 1221 2218; baseline 0.002 -32"><span class='ocrx_word' id='word_1_138' title='bbox 18 2171 19 2174; x_wconf 63' lang='lat'>,</span> <span class='ocrx_word' id='word_1_139' title='bbox 103 2213 106 2218; x_wconf 17' lang='grc' dir='ltr'><em>ι</em></span> <span class='ocrx_word' id='word_1_140' title='bbox 126 2122 237 2204; x_wconf 80' lang='lat' dir='ltr'>insin</span> <span class='ocrx_word' id='word_1_141' title='bbox 253 2121 422 2187; x_wconf 89' lang='lat' dir='ltr'>Cretensis</span> <span class='ocrx_word' id='word_1_142' title='bbox 438 2131 535 2188; x_wconf 82' lang='lat' dir='ltr'>torrae</span> <span class='ocrx_word' id='word_1_143' title='bbox 550 2127 719 2208; x_wconf 87' lang='lat' dir='ltr'>sepulcro,</span> <span class='ocrx_word' id='word_1_144' title='bbox 734 2133 767 2188; x_wconf 90' lang='lat' dir='ltr'>et</span> <span class='ocrx_word' id='word_1_145' title='bbox 788 2145 832 2189; x_wconf 85' lang='lat' dir='ltr'>ex</span> <span class='ocrx_word' id='word_1_146' title='bbox 854 2145 921 2207; x_wconf 93' lang='lat' dir='ltr'>quo</span> <span class='ocrx_word' id='word_1_147' title='bbox 948 2125 1131 2207; x_wconf 89' lang='lat' dir='ltr'>Septimius</span> <span class='ocrx_word' id='word_1_148' title='bbox 1146 2127 1221 2208; x_wconf 91' lang='lat' dir='ltr'>qui-</span> 
     </span>
    </p>
   </div>
   <div class='ocr_carea' id='block_1_4' title="bbox 122 2225 1299 3401">
    <p class='ocr_par' dir='ltr' id='par_1_5' title="bbox 122 2225 1225 3205">
     <span class='ocr_line' id='line_1_19' title="bbox 128 2225 1220 2315; baseline -0.001 -26"><span class='ocrx_word' id='word_1_149' title='bbox 128 2225 207 2289; x_wconf 88' lang='lat' dir='ltr'>dam</span> <span class='ocrx_word' id='word_1_150' title='bbox 223 2225 378 2288; x_wconf 85' lang='lat' dir='ltr'>Latinam</span> <span class='ocrx_word' id='word_1_151' title='bbox 393 2226 479 2290; x_wconf 89' lang='lat' dir='ltr'>hano</span> <span class='ocrx_word' id='word_1_152' title='bbox 495 2225 698 2290; x_wconf 89' lang='lat' dir='ltr'>Versionem</span> <span class='ocrx_word' id='word_1_153' title='bbox 711 2247 770 2290; x_wconf 89' lang='lat' dir='ltr'>seu</span> <span class='ocrx_word' id='word_1_154' title='bbox 785 2227 959 2315; x_wconf 81' lang='lat' dir='ltr'>Epitpmen</span> <span class='ocrx_word' id='word_1_155' title='bbox 974 2228 1074 2289; x_wconf 90' lang='lat' dir='ltr'>nobis</span> <span class='ocrx_word' id='word_1_156' title='bbox 1089 2227 1220 2289; x_wconf 85' lang='lat' dir='ltr'>concin-</span> 
     </span>
     <span class='ocr_line' id='line_1_20' title="bbox 128 2325 1221 2410; baseline -0.002 -20"><span class='ocrx_word' id='word_1_157' title='bbox 128 2331 244 2390; x_wconf 82' lang='lat' dir='ltr'>natam</span> <span class='ocrx_word' id='word_1_158' title='bbox 260 2325 402 2406; x_wconf 87' lang='lat' dir='ltr'>reliquit.</span> <span class='ocrx_word' id='word_1_159' title='bbox 424 2325 621 2410; x_wconf 41' lang='lat' dir='ltr'>*Posterius</span> <span class='ocrx_word' id='word_1_160' title='bbox 635 2327 699 2390; x_wconf 90' lang='lat' dir='ltr'>hoc</span> <span class='ocrx_word' id='word_1_161' title='bbox 715 2334 833 2408; x_wconf 82' lang='lat' dir='ltr'>negant</span> <span class='ocrx_word' id='word_1_162' title='bbox 847 2333 955 2390; x_wconf 89' lang='lat' dir='ltr'>tamen</span> <span class='ocrx_word' id='word_1_163' title='bbox 979 2346 1054 2389; x_wconf 89' lang='lat' dir='ltr'>cnm</span> <span class='ocrx_word' id='word_1_164' title='bbox 1070 2326 1138 2402; x_wconf 87' lang='lat' dir='ltr'>alii,</span> <span class='ocrx_word' id='word_1_165' title='bbox 1153 2331 1221 2389; x_wconf 91' lang='lat' dir='ltr'>tum</span> 
     </span>
     <span class='ocr_line' id='line_1_21' title="bbox 129 2422 1220 2510; baseline 0 -22"><span class='ocrx_word' id='word_1_166' title='bbox 129 2425 281 2488; x_wconf 87' lang='lat' dir='ltr'>Vossius</span> <span class='ocrx_word' id='word_1_167' title='bbox 312 2426 344 2488; x_wconf 93' lang='lat' dir='ltr'>in</span> <span class='ocrx_word' id='word_1_168' title='bbox 375 2425 562 2490; x_wconf 90' lang='lat' dir='ltr'>Historiois</span> <span class='ocrx_word' id='word_1_169' title='bbox 590 2428 732 2504; x_wconf 85' lang='lat' dir='ltr'>Latinis,</span> <span class='ocrx_word' id='word_1_170' title='bbox 763 2431 798 2491; x_wconf 93' lang='lat' dir='ltr'>in</span> <span class='ocrx_word' id='word_1_171' title='bbox 822 2428 1009 2510; x_wconf 84' lang='lat' dir='ltr'>Septimio:</span> <span class='ocrx_word' id='word_1_172' title='bbox 1043 2422 1220 2508; x_wconf 88' lang='lat' dir='ltr'>utrumque</span> 
     </span>
     <span class='ocr_line' id='line_1_22' title="bbox 129 2523 1220 2607; baseline 0.001 -19"><span class='ocrx_word' id='word_1_173' title='bbox 129 2543 210 2588; x_wconf 86' lang='lat' dir='ltr'>vero</span> <span class='ocrx_word' id='word_1_174' title='bbox 224 2523 247 2588; x_wconf 85' lang='lat' dir='ltr'>J</span> <span class='ocrx_word' id='word_1_175' title='bbox 250 2545 299 2589; x_wconf 88' lang='lat' dir='ltr'>os.</span> <span class='ocrx_word' id='word_1_176' title='bbox 318 2525 502 2603; x_wconf 88' lang='lat' dir='ltr'>Mercerns,</span> <span class='ocrx_word' id='word_1_177' title='bbox 519 2534 552 2590; x_wconf 89' lang='lat' dir='ltr'>et</span> <span class='ocrx_word' id='word_1_178' title='bbox 568 2528 667 2592; x_wconf 88' lang='lat' dir='ltr'>Anna</span> <span class='ocrx_word' id='word_1_179' title='bbox 682 2528 794 2604; x_wconf 88' lang='lat' dir='ltr'>Fabri,</span> <span class='ocrx_word' id='word_1_180' title='bbox 808 2530 843 2591; x_wconf 92' lang='lat' dir='ltr'>iu</span> <span class='ocrx_word' id='word_1_181' title='bbox 859 2528 960 2593; x_wconf 91' lang='lat' dir='ltr'>Notis</span> <span class='ocrx_word' id='word_1_182' title='bbox 981 2528 1023 2591; x_wconf 88' lang='lat' dir='ltr'>ad</span> <span class='ocrx_word' id='word_1_183' title='bbox 1040 2526 1220 2607; x_wconf 81' lang='lat' dir='ltr'>Prologum</span> 
     </span>
     <span class='ocr_line' id='line_1_23' title="bbox 126 2624 1222 2706; baseline -0.003 -18"><span class='ocrx_word' id='word_1_184' title='bbox 126 2626 235 2688; x_wconf 89' lang='lat' dir='ltr'>nostri</span> <span class='ocrx_word' id='word_1_185' title='bbox 251 2624 410 2688; x_wconf 87' lang='lat' dir='ltr'>Auctoris</span> <span class='ocrx_word' id='word_1_186' title='bbox 425 2633 458 2688; x_wconf 83' lang='lat' dir='ltr'>et</span> <span class='ocrx_word' id='word_1_187' title='bbox 473 2627 517 2688; x_wconf 89' lang='lat' dir='ltr'>ad</span> <span class='ocrx_word' id='word_1_188' title='bbox 539 2627 599 2688; x_wconf 87' lang='lat' dir='ltr'>lib.</span> <span class='ocrx_word' id='word_1_189' title='bbox 617 2643 665 2690; x_wconf 84' lang='grc' dir='ltr'>ιιι.</span> <span class='ocrx_word' id='word_1_190' title='bbox 681 2645 757 2706; x_wconf 88' lang='lat' dir='ltr'>cap.</span> <span class='ocrx_word' id='word_1_191' title='bbox 770 2628 825 2688; x_wconf 77' lang='lat'>21.</span> <span class='ocrx_word' id='word_1_192' title='bbox 870 2625 968 2700; x_wconf 81' lang='lat' dir='ltr'>eros</span> <span class='ocrx_word' id='word_1_193' title='bbox 991 2626 1049 2686; x_wconf 90' lang='lat' dir='ltr'>alii</span> <span class='ocrx_word' id='word_1_194' title='bbox 1067 2625 1222 2704; x_wconf 89' lang='lat' dir='ltr'>plerique</span> 
     </span>
     <span class='ocr_line' id='line_1_24' title="bbox 122 2723 1224 2808; baseline -0.004 -22"><span class='ocrx_word' id='word_1_195' title='bbox 122 2731 328 2806; x_wconf 82' lang='lat' dir='ltr'>sequuntur.</span> <span class='ocrx_word' id='word_1_196' title='bbox 372 2723 446 2800; x_wconf 85' lang='lat' dir='ltr'>Ego</span> <span class='ocrx_word' id='word_1_197' title='bbox 462 2740 542 2784; x_wconf 79' lang='lat' dir='ltr'>vero</span> <span class='ocrx_word' id='word_1_198' title='bbox 556 2726 751 2803; x_wconf 85' lang='lat' dir='ltr'>neutiquam</span> <span class='ocrx_word' id='word_1_199' title='bbox 764 2724 832 2808; x_wconf 82' lang='lat' dir='ltr'>iilis</span> <span class='ocrx_word' id='word_1_200' title='bbox 854 2724 1029 2796; x_wconf 87' lang='lat' dir='ltr'>assentior,</span> <span class='ocrx_word' id='word_1_201' title='bbox 1044 2729 1224 2792; x_wconf 72' lang='lat' dir='ltr'>etcontra·</span> 
     </span>
     <span class='ocr_line' id='line_1_25' title="bbox 128 2817 1224 2900; baseline -0.005 -13"><span class='ocrx_word' id='word_1_202' title='bbox 128 2827 231 2896; x_wconf 80' lang='lat' dir='ltr'>rium,</span> <span class='ocrx_word' id='word_1_203' title='bbox 244 2822 310 2883; x_wconf 87' lang='lat' dir='ltr'>nisi</span> <span class='ocrx_word' id='word_1_204' title='bbox 325 2821 431 2894; x_wconf 85' lang='lat' dir='ltr'>iallor,</span> <span class='ocrx_word' id='word_1_205' title='bbox 445 2819 586 2900; x_wconf 90' lang='lat' dir='ltr'>liquebit</span> <span class='ocrx_word' id='word_1_206' title='bbox 601 2819 816 2882; x_wconf 87' lang='lat' dir='ltr'>clarissimum</span> <span class='ocrx_word' id='word_1_207' title='bbox 831 2821 865 2882; x_wconf 91' lang='lat' dir='ltr'>in</span> <span class='ocrx_word' id='word_1_208' title='bbox 878 2818 1012 2881; x_wconf 89' lang='lat' dir='ltr'>modum</span> <span class='ocrx_word' id='word_1_209' title='bbox 1025 2835 1069 2880; x_wconf 82' lang='lat' dir='ltr'>ex</span> <span class='ocrx_word' id='word_1_210' title='bbox 1082 2817 1124 2880; x_wconf 91' lang='lat' dir='ltr'>iis</span> <span class='ocrx_word' id='word_1_211' title='bbox 1126 2835 1224 2898; x_wconf 82' lang='lat' dir='ltr'>,quae</span> 
     </span>
     <span class='ocr_line' id='line_1_26' title="bbox 133 2907 1225 3002; baseline -0.002 -18"><span class='ocrx_word' id='word_1_212' title='bbox 133 2922 259 2984; x_wconf 83' lang='lat' dir='ltr'>dicam.</span> <span class='ocrx_word' id='word_1_213' title='bbox 304 2918 403 2981; x_wconf 90' lang='lat' dir='ltr'>Prius</span> <span class='ocrx_word' id='word_1_214' title='bbox 419 2925 531 2982; x_wconf 88' lang='lat' dir='ltr'>autem</span> <span class='ocrx_word' id='word_1_215' title='bbox 548 2919 723 2984; x_wconf 86' lang='lat' dir='ltr'>ostendam</span> <span class='ocrx_word' id='word_1_216' title='bbox 726 2907 833 2999; x_wconf 83' lang='lat' dir='ltr'>,quod</span> <span class='ocrx_word' id='word_1_217' title='bbox 850 2919 943 3002; x_wconf 87' lang='lat' dir='ltr'>prins</span> <span class='ocrx_word' id='word_1_218' title='bbox 958 2918 1068 3000; x_wconf 88' lang='lat' dir='ltr'>posui,</span> <span class='ocrx_word' id='word_1_219' title='bbox 1085 2917 1225 2982; x_wconf 82' lang='lat' dir='ltr'>Graecos</span> 
     </span>
     <span class='ocr_line' id='line_1_27' title="bbox 133 3019 1225 3104; baseline -0.002 -19"><span class='ocrx_word' id='word_1_220' title='bbox 133 3019 237 3098; x_wconf 83' lang='lat' dir='ltr'>modo</span> <span class='ocrx_word' id='word_1_221' title='bbox 252 3025 453 3083; x_wconf 82' lang='lat' dir='ltr'>memoratos</span> <span class='ocrx_word' id='word_1_222' title='bbox 473 3038 539 3082; x_wconf 93' lang='lat' dir='ltr'>non</span> <span class='ocrx_word' id='word_1_223' title='bbox 564 3019 665 3082; x_wconf 89' lang='lat' dir='ltr'>alium</span> <span class='ocrx_word' id='word_1_224' title='bbox 688 3019 844 3084; x_wconf 86' lang='lat' dir='ltr'>habuisse</span> <span class='ocrx_word' id='word_1_225' title='bbox 861 3027 919 3083; x_wconf 88' lang='lat' dir='ltr'>aut</span> <span class='ocrx_word' id='word_1_226' title='bbox 940 3020 1074 3102; x_wconf 83' lang='lat' dir='ltr'>novisse</span> <span class='ocrx_word' id='word_1_227' title='bbox 1091 3019 1225 3104; x_wconf 88' lang='lat' dir='ltr'>Dictyo,</span> 
     </span>
     <span class='ocr_line' id='line_1_28' title="bbox 127 3119 525 3205; baseline -0.01 -19"><span class='ocrx_word' id='word_1_228' title='bbox 127 3141 238 3205; x_wconf 84' lang='lat' dir='ltr'>qnam</span> <span class='ocrx_word' id='word_1_229' title='bbox 251 3121 340 3184; x_wconf 88' lang='lat' dir='ltr'>hunc</span> <span class='ocrx_word' id='word_1_230' title='bbox 355 3119 525 3202; x_wconf 88' lang='lat' dir='ltr'>Septimii.</span> 
     </span>
    </p>

    <p class='ocr_par' dir='ltr' id='par_1_6' title="bbox 136 3169 1299 3401">
     <span class='ocr_line' id='line_1_29' title="bbox 179 3169 1226 3300; baseline -0.005 -16"><span class='ocrx_word' id='word_1_231' title='bbox 179 3221 302 3285; x_wconf 84' lang='grc' dir='ltr'>ιιι.Ιά</span> <span class='ocrx_word' id='word_1_232' title='bbox 326 3238 404 3284; x_wconf 87' lang='lat' dir='ltr'>vero</span> <span class='ocrx_word' id='word_1_233' title='bbox 426 3220 649 3283; x_wconf 87' lang='lat' dir='ltr'>manifestum</span> <span class='ocrx_word' id='word_1_234' title='bbox 647 3239 703 3282; x_wconf 85' lang='lat' dir='ltr'>ex</span> <span class='ocrx_word' id='word_1_235' title='bbox 725 3237 776 3294; x_wconf 88' lang='lat' dir='ltr'>eo,</span> <span class='ocrx_word' id='word_1_236' title='bbox 790 3215 882 3300; x_wconf 93' lang='lat' dir='ltr'>qnod</span> <span class='ocrx_word' id='word_1_237' title='bbox 908 3234 1004 3278; x_wconf 90' lang='lat' dir='ltr'>snum</span> <span class='ocrx_word' id='word_1_238' title='bbox 1029 3169 1154 3299; x_wconf 87' lang='lat' dir='ltr'>Dictyn</span> <span class='ocrx_word' id='word_1_239' title='bbox 1169 3235 1226 3297; x_wconf 75' lang='lat' dir='ltr'>aq-</span> 
     </span>
     <span class='ocr_line' id='line_1_30' title="bbox 136 3315 1299 3401; baseline -0.004 -16"><span class='ocrx_word' id='word_1_240' title='bbox 136 3329 279 3386; x_wconf 89' lang='lat' dir='ltr'>noscunt</span> <span class='ocrx_word' id='word_1_241' title='bbox 289 3320 408 3384; x_wconf 87' lang='lat' dir='ltr'>itidem</span> <span class='ocrx_word' id='word_1_242' title='bbox 425 3326 571 3401; x_wconf 89' lang='lat' dir='ltr'>tempore</span> <span class='ocrx_word' id='word_1_243' title='bbox 586 3321 719 3383; x_wconf 90' lang='lat' dir='ltr'>demum</span> <span class='ocrx_word' id='word_1_244' title='bbox 732 3319 868 3382; x_wconf 85' lang='lat' dir='ltr'>Claudii</span> <span class='ocrx_word' id='word_1_245' title='bbox 885 3316 939 3380; x_wconf 86' lang='lat' dir='ltr'>vel</span> <span class='ocrx_word' id='word_1_246' title='bbox 956 3315 1102 3381; x_wconf 85' lang='lat' dir='ltr'>Neronis</span> <span class='ocrx_word' id='word_1_247' title='bbox 1114 3319 1226 3383; x_wconf 87' lang='lat' dir='ltr'>inven-</span> <span class='ocrx_word' id='word_1_248' title='bbox 1292 3371 1299 3380; x_wconf 88' lang='lat'><em>.</em></span> 
     </span>
    </p>
   </div>
   <div class='ocr_carea' id='block_1_5' title="bbox 22 3417 1226 3504">
    <p class='ocr_par' dir='ltr' id='par_1_7' title="bbox 22 3417 1226 3504">
     <span class='ocr_line' id='line_1_31' title="bbox 22 3417 1226 3504; baseline -0.003 -18"><span class='ocrx_word' id='word_1_249' title='bbox 22 3491 26 3502; x_wconf 36' lang='lat'><strong>¹</strong></span> <span class='ocrx_word' id='word_1_250' title='bbox 138 3429 217 3500; x_wconf 88' lang='lat' dir='ltr'>tum,</span> <span class='ocrx_word' id='word_1_251' title='bbox 231 3429 265 3486; x_wconf 88' lang='lat' dir='ltr'>et</span> <span class='ocrx_word' id='word_1_252' title='bbox 287 3422 401 3485; x_wconf 88' lang='lat' dir='ltr'>eodem</span> <span class='ocrx_word' id='word_1_253' title='bbox 429 3420 564 3502; x_wconf 90' lang='lat' dir='ltr'>quidem</span> <span class='ocrx_word' id='word_1_254' title='bbox 590 3421 701 3496; x_wconf 91' lang='lat' dir='ltr'>modo,</span> <span class='ocrx_word' id='word_1_255' title='bbox 718 3439 784 3504; x_wconf 89' lang='lat' dir='ltr'>qno</span> <span class='ocrx_word' id='word_1_256' title='bbox 806 3417 841 3482; x_wconf 92' lang='lat' dir='ltr'>id</span> <span class='ocrx_word' id='word_1_257' title='bbox 863 3417 965 3481; x_wconf 90' lang='lat' dir='ltr'>nobis.</span> <span class='ocrx_word' id='word_1_258' title='bbox 979 3427 1090 3482; x_wconf 86' lang='lat' dir='ltr'>narrat</span> <span class='ocrx_word' id='word_1_259' title='bbox 1114 3419 1226 3501; x_wconf 87' lang='lat' dir='ltr'>Septi-</span> 
     </span>
    </p>
   </div>
   <div class='ocr_carea' id='block_1_6' title="bbox 130 3519 1231 4228">
    <p class='ocr_par' dir='ltr' id='par_1_8' title="bbox 130 3519 1227 4006">
     <span class='ocr_line' id='line_1_32' title="bbox 130 3519 1225 3602; baseline 0 -20"><span class='ocrx_word' id='word_1_260' title='bbox 130 3523 237 3598; x_wconf 83' lang='lat' dir='ltr'>mius,</span> <span class='ocrx_word' id='word_1_261' title='bbox 253 3522 384 3585; x_wconf 87' lang='lat' dir='ltr'>seilicet</span> <span class='ocrx_word' id='word_1_262' title='bbox 398 3520 432 3582; x_wconf 93' lang='lat' dir='ltr'>in</span> <span class='ocrx_word' id='word_1_263' title='bbox 456 3520 613 3600; x_wconf 88' lang='lat' dir='ltr'>sepulcro</span> <span class='ocrx_word' id='word_1_264' title='bbox 635 3521 743 3595; x_wconf 81' lang='lat' dir='ltr'>illius„</span> <span class='ocrx_word' id='word_1_265' title='bbox 756 3527 795 3582; x_wconf 88' lang='lat' dir='ltr'>ut</span> <span class='ocrx_word' id='word_1_266' title='bbox 817 3519 921 3594; x_wconf 90' lang='lat' dir='ltr'>aiunt,</span> <span class='ocrx_word' id='word_1_267' title='bbox 937 3519 1092 3602; x_wconf 82' lang='lat' dir='ltr'>Dictyos,</span> <span class='ocrx_word' id='word_1_268' title='bbox 1107 3525 1225 3599; x_wconf 85' lang='lat' dir='ltr'>aperto</span> 
     </span>
     <span class='ocr_line' id='line_1_33' title="bbox 140 3615 1227 3703; baseline -0.008 -19"><span class='ocrx_word' id='word_1_269' title='bbox 140 3623 200 3702; x_wconf 85' lang='lat' dir='ltr'>per</span> <span class='ocrx_word' id='word_1_270' title='bbox 223 3629 319 3686; x_wconf 80' lang='lat' dir='ltr'>terroe</span> <span class='ocrx_word' id='word_1_271' title='bbox 341 3628 479 3696; x_wconf 86' lang='lat' dir='ltr'>motum,</span> <span class='ocrx_word' id='word_1_272' title='bbox 500 3628 539 3686; x_wconf 82' lang='lat' dir='ltr'>et</span> <span class='ocrx_word' id='word_1_273' title='bbox 564 3621 664 3684; x_wconf 86' lang='lat' dir='ltr'>isthic</span> <span class='ocrx_word' id='word_1_274' title='bbox 684 3621 819 3703; x_wconf 90' lang='lat' dir='ltr'>quidem</span> <span class='ocrx_word' id='word_1_275' title='bbox 842 3622 868 3680; x_wconf 78' lang='lat' dir='ltr'>iv</span> <span class='ocrx_word' id='word_1_276' title='bbox 891 3617 1075 3701; x_wconf 71' lang='grc' dir='ltr'>κασσιτερῐνῳ</span> <span class='ocrx_word' id='word_1_277' title='bbox 1090 3615 1227 3700; x_wconf 68' lang='grc' dir='ltr'>κιβωτίῳ,</span> 
     </span>
     <span class='ocr_line' id='line_1_34' title="bbox 136 3716 1226 3795; baseline -0.007 -10"><span class='ocrx_word' id='word_1_278' title='bbox 136 3728 152 3772; x_wconf 43' lang='lat'>1‘</span> <span class='ocrx_word' id='word_1_279' title='bbox 165 3724 198 3785; x_wconf 92' lang='lat' dir='ltr'>in</span> <span class='ocrx_word' id='word_1_280' title='bbox 220 3723 334 3787; x_wconf 88' lang='lat' dir='ltr'>arcula</span> <span class='ocrx_word' id='word_1_281' title='bbox 357 3719 515 3788; x_wconf 71' lang='lat' dir='ltr'>stannea!</span> <span class='ocrx_word' id='word_1_282' title='bbox 569 3721 625 3786; x_wconf 87' lang='lat' dir='ltr'>Ita</span> <span class='ocrx_word' id='word_1_283' title='bbox 647 3728 731 3785; x_wconf 82' lang='lat' dir='ltr'>certe</span> <span class='ocrx_word' id='word_1_284' title='bbox 761 3720 895 3795; x_wconf 87' lang='lat' dir='ltr'>Snidas,</span> <span class='ocrx_word' id='word_1_285' title='bbox 926 3726 959 3782; x_wconf 88' lang='lat' dir='ltr'>et</span> <span class='ocrx_word' id='word_1_286' title='bbox 986 3719 1066 3780; x_wconf 85' lang='lat' dir='ltr'>Job.</span> <span class='ocrx_word' id='word_1_287' title='bbox 1089 3716 1226 3793; x_wconf 81' lang='lat' dir='ltr'>Mulela,</span> 
     </span>
     <span class='ocr_line' id='line_1_35' title="bbox 132 3816 1227 3906; baseline -0.007 -19.926"><span class='ocrx_word' id='word_1_288' title='bbox 132 3843 244 3906; x_wconf 88' lang='lat' dir='ltr'>quem</span> <span class='ocrx_word' id='word_1_289' title='bbox 258 3822 388 3898; x_wconf 87' lang='lat' dir='ltr'>videas,</span> <span class='ocrx_word' id='word_1_290' title='bbox 408 3831 531 3886; x_wconf 83' lang='lat' dir='ltr'>etcum</span> <span class='ocrx_word' id='word_1_291' title='bbox 546 3822 660 3886; x_wconf 86' lang='lat' dir='ltr'>Latini</span> <span class='ocrx_word' id='word_1_292' title='bbox 676 3823 816 3905; x_wconf 86' lang='lat' dir='ltr'>Dictyos</span> <span class='ocrx_word' id='word_1_293' title='bbox 832 3819 985 3901; x_wconf 83' lang='lat' dir='ltr'>Prologis</span> <span class='ocrx_word' id='word_1_294' title='bbox 1001 3816 1149 3881; x_wconf 87' lang='lat' dir='ltr'>conferas</span> <span class='ocrx_word' id='word_1_295' title='bbox 1169 3833 1227 3878; x_wconf 79' lang='lat' dir='ltr'>ve·</span> 
     </span>
     <span class='ocr_line' id='line_1_36' title="bbox 142 3921 784 4006; baseline -0.005 -17"><span class='ocrx_word' id='word_1_296' title='bbox 142 3925 213 3999; x_wconf 89' lang='lat' dir='ltr'>lim,</span> <span class='ocrx_word' id='word_1_297' title='bbox 226 3943 305 4006; x_wconf 82' lang='lat' dir='ltr'>pag</span> <span class='ocrx_word' id='word_1_298' title='bbox 297 3921 394 3986; x_wconf 91' lang='grc'>.168</span> <span class='ocrx_word' id='word_1_299' title='bbox 410 3930 446 3986; x_wconf 87' lang='lat' dir='ltr'>et</span> <span class='ocrx_word' id='word_1_300' title='bbox 460 3924 605 3986; x_wconf 87' lang='lat' dir='ltr'>maxime</span> <span class='ocrx_word' id='word_1_301' title='bbox 620 3944 697 4006; x_wconf 85' lang='lat' dir='ltr'>pag.</span> <span class='ocrx_word' id='word_1_302' title='bbox 708 3923 784 3986; x_wconf 71' lang='lat'>32⁴2</span> 
     </span>
    </p>

    <p class='ocr_par' dir='ltr' id='par_1_9' title="bbox 140 3965 1231 4206">
     <span class='ocr_line' id='line_1_37' title="bbox 140 3965 1230 4105; baseline -0.006 -16.736"><span class='ocrx_word' id='word_1_303' title='bbox 140 4022 371 4088; x_wconf 76' lang='lat' dir='ltr'>1V.Nam</span> <span class='ocrx_word' id='word_1_304' title='bbox 369 4023 470 4105; x_wconf 87' lang='lat' dir='ltr'>qnod</span> <span class='ocrx_word' id='word_1_305' title='bbox 497 4025 559 4085; x_wconf 87' lang='lat' dir='ltr'>snb</span> <span class='ocrx_word' id='word_1_306' title='bbox 578 4021 726 4086; x_wconf 79' lang='lat' dir='ltr'>Claudio</span> <span class='ocrx_word' id='word_1_307' title='bbox 752 4018 883 4103; x_wconf 87' lang='lat' dir='ltr'>proprie</span> <span class='ocrx_word' id='word_1_308' title='bbox 905 4019 1073 4082; x_wconf 84' lang='lat' dir='ltr'>inventurn</span> <span class='ocrx_word' id='word_1_309' title='bbox 1099 3965 1230 4082; x_wconf 79' lang='lat' dir='ltr'>tradunt</span> 
     </span>
     <span class='ocr_line' id='line_1_38' title="bbox 140 4117 1231 4228; baseline -0.008 -38.975"><span class='ocrx_word' id='word_1_310' title='bbox 140 4144 242 4206; x_wconf 84' lang='lat' dir='ltr'>quem</span> <span class='ocrx_word' id='word_1_311' title='bbox 271 4123 452 4228; x_wconf 83' lang='lat' dir='ltr'>Septimius</span> <span class='ocrx_word' id='word_1_312' title='bbox 475 4123 537 4189; x_wconf 90' lang='lat' dir='ltr'>sub</span> <span class='ocrx_word' id='word_1_313' title='bbox 570 4121 703 4188; x_wconf 87' lang='lat' dir='ltr'>Nerone</span> <span class='ocrx_word' id='word_1_314' title='bbox 732 4120 792 4196; x_wconf 85' lang='lat' dir='ltr'>ait,</span> <span class='ocrx_word' id='word_1_315' title='bbox 819 4117 855 4182; x_wconf 91' lang='lat' dir='ltr'>id</span> <span class='ocrx_word' id='word_1_316' title='bbox 877 4123 986 4183; x_wconf 84' lang='lat' dir='ltr'>ustum</span> <span class='ocrx_word' id='word_1_317' title='bbox 1009 4134 1053 4178; x_wconf 81' lang='lat' dir='ltr'>ex</span> <span class='ocrx_word' id='word_1_318' title='bbox 1075 4135 1125 4194; x_wconf 89' lang='lat' dir='ltr'>eo,</span> <span class='ocrx_word' id='word_1_319' title='bbox 1142 4119 1231 4198; x_wconf 93' lang='lat' dir='ltr'>qnod</span> 
     </span>
    </p>
   </div>
   <div class='ocr_carea' id='block_1_7' title="bbox 0 0 1541 4918">
    <p class='ocr_par' dir='ltr' id='par_1_10' title="bbox 0 0 1541 4918">
     <span class='ocr_line' id='line_1_39' title="bbox 0 0 1541 4918; baseline 0 0"><span class='ocrx_word' id='word_1_320' title='bbox 0 0 1541 4918; x_wconf 95' lang='lat' dir='ltr'> </span> 
     </span>
    </p>
   </div>
  </div>
 </body>
</html>
