3036 4918
323 337 367 398 7⁰
755 342 843 390 uuo.
866 341 979 390 surus

323 495 438 558 Sencc.
453 489 624 572 Agamem.
638 489 715 554 627.
728 489 825 572 Virg.
844 507 869 554 1.
884 491 961 556 AEn.
975 493 1029 558 45.
1053 493 1153 558 Ovid.
1176 493 1212 556 in
1236 491 1323 568 lbiu,
1335 491 1404 558 389·

324 589 447 656 Horat.
463 607 503 654 x.
528 589 637 672 Epod.
652 592 703 652 14.
732 589 828 654 Unde
842 591 959 668 Silius,
977 607 1057 657 xiv.
1074 593 1190 658 Punic.
1205 591 1282 658 480.

408 689 532 768 Qualis
545 689 688 766 Oilides,
703 691 825 756 iulmeu
834 691 1006 774 jaculante
1022 692 1172 758 Minerva

408 789 585 870 Surgentes
599 789 729 854 domuit
742 789 866 854 linctus
882 792 1070 857 ardentibus
1084 793 1181 856 uluis.

322 893 420 958 hicet
433 889 641 970 naufragium
656 897 807 956 euamsse
822 909 898 954 euru
913 892 1003 957 dicat
1016 893 1166 956 Timaeus
1181 891 1322 968 Locrus,
1340 909 1378 955 rr.

364 991 466 1055 Hunc
482 1008 562 1053 rero
584 1007 627 1052 ex
644 991 798 1054 omnibus
812 989 1006 1056 Graecorum
1027 993 1181 1069 ducibus,
1196 993 1255 1074 qni
1277 991 1408 1074 'I'rojam

324 1109 568 1176 oppugnavere,
598 1091 688 1174 apud
717 1091 842 1157 iuleros
871 1093 1014 1176 torqueri
1041 1099 1073 1157 et
1101 1091 1286 1158 excruciari
1313 1093 1410 1158 docet

322 1193 461 1258 hociau.
477 1191 572 1257 Hist.
588 1190 700 1270 Verm,
715 1205 756 1258 rr.

365 1293 518 1376 Denique
534 1292 653 1377 Ajacis
678 1291 779 1378 hujus
800 1295 905 1360 nostri
922 1296 1032 1376 imago
1057 1303 1111 1360 est
1134 1311 1179 1360 ex
1195 1294 1411 1362 Locrensium

321 1391 543 1471 Numirmate,
564 1393 654 1476 quod
677 1394 852 1458 exhibetur
873 1396 918 1459 ab
943 1394 1036 1460 Hub.
1057 1393 1205 1472 Goltzio,
1227 1394 1337 1464 Graec.
1358 1395 1410 1459 18.

321 1493 427 1575 qualis
450 1500 485 1556 et
504 1500 554 1557 est
582 1491 814 1574 Opuntiorum,
831 1497 923 1577 apud
945 1493 1289 1578 Begerum,'1hesaur.
1305 1498 1410 1564 Bran·

321 1591 396 1656 deb.
414 1608 438 1652 ι.
453 1593 527 1656 477.
543 1601 577 1658 et
590 1595 793 1662 nominatum
809 1595 992 1675 Goltzium,
1009 1596 1096 1662 Tab.
1112 1595 1226 1662 citata.

643 1819 708 1883 VI.
753 1817 1098 1884 PHILOGTETES.

708 1951 787 2016 hro.
805 1967 845 2014 ιι.
868 1950 958 2017 Gar.
974 1953 1026 2015 14.

319 2088 328 2116 ‘
346 2081 531 2148 Philocteta
547 2103 619 2150 cum
635 2085 764 2168 paucis,
778 2083 826 2148 uti
841 2092 1021 2162 curaretur,
1036 2085 1072 2150 in
1086 2085 1230 2150 insulam
1248 2085 1412 2150 Lemnum

796 2186 956 2250 mittitur!

368 2299 644 2373 Puruocrsrrm,
657 2300 819 2366 ,Poeantis
835 2298 934 2372 filius,
950 2299 1035 2359 inter
1048 2293 1260 2377 Argonautas
1279 2319 1413 2384 quoquc

319 2394 453 2455 minime
471 2394 638 2472 ignobilis.
661 2393 740 2454 Val.
756 2393 870 2454 Flaoc.
885 2391 1064 2472 Argonaut.
1080 2413 1103 2456 1.
1119 2397 1195 2458 391.

362 2491 414 2569 Ei,
430 2493 545 2556 comiti
560 2511 634 2568 suo,
646 2492 681 2554 in
696 2491 781 2556 OEta
795 2497 906 2553 moute
921 2491 1179 2554 concremandus
1191 2505 1344 2558 arcumet
1362 2519 1418 2562 sa-

320 2593 419 2677 gittas
447 2593 584 2658 dederat
610 2591 796 2670 Hercules;
819 2591 891 2654 sine
916 2591 1036 2674 quihus
1063 2588 1200 2672 Trojam
1218 2609 1284 2652 non
1306 2611 1417 2672 posse
1505 2641 1506 2678 ,

320 2697 396 2779 capi
421 2693 830 2778 oracula-responderant.
881 2690 929 2756 At
955 2685 1200 2754 venenatarum
1218 2689 1416 2772 shgittarum
1505 2681 1506 2684 ¹

319 2815 387 2858 nna
400 2796 507 2874 ipsius
522 2795 640 2874 pedem
662 2795 748 2856 forte
765 2791 921 2854 decidens
938 2790 1113 2866 sauciavit,
1128 2787 1322 2871 Graecique,
1337 2812 1415 2855 cum

320 2913 381 2974 per
394 2892 540 2952 dolorem
564 2890 708 2953 vulneris
722 2890 878 2970 navigare
891 2908 957 2950 non
972 2899 1100 2970 posset,
1116 2909 1190 2952 eum
1210 2890 1245 2952 in
1268 2891 1414 2957 insulam

320 2991 468 3052 lemnon
483 2992 716 3072 exposuerunt.
738 3068 743 3076 ς
1505 3059 1506 3072 ἦ

364 3088 567 3156 Philoctetes
594 3090 709 3174 itaque
738 3090 885 3167 relictae,
913 3090 1057 3172 aucupio
1086 3090 1280 3170 sagittarum
1307 3091 1413 3155 vitam
1505 3091 1506 3122 ³

320 3191 500 3257 miserrime
516 3210 708 3274 propagare,
730 3211 976 3274 pennarumque
999 3195 1156 3254 oonmxtn
1181 3209 1301 3272 corpus
1317 3193 1411 3256 ohte·
1505 3201 1506 3276 g

319 3309 396 3372 gere
420 3298 453 3353 et
481 3292 588 3354 velare
618 3297 754 3356 coactus
782 3293 855 3356 suit.
900 3290 1095 3373 Sophocles,
1116 3290 1149 3352 iu
1177 3287 1355 3354 Philoctet.
1380 3297 1413 3354 et

320 3377 474 3461 (omissis
486 3391 633 3467 Pindari,
649 3390 829 3468 theocriti,
846 3390 1042 3457 Philostrati
1064 3391 1242 3474 plurimum
1256 3391 1410 3454 varianti·
1504 3391 1506 3408 ²

319 3490 383 3553 bus
405 3491 664 3570 narrationibus)
687 3491 842 3570 Ovidius,
863 3491 996 3576 (videas
1017 3497 1160 3553 etx111.
1185 3489 1324 3556 Metam.
1341 3488 1412 3571 45.)

322 3606 357 3651 ν.
371 3589 474 3653 Trist.
489 3590 519 3653 1.
541 3589 624 3670 eleg.
635 3593 667 3653 5.

375 3755 380 3770 p
449 3691 528 3777 Hoc
544 3698 616 3754 erat
631 3691 664 3752 in
679 3691 788 3774 gelido
802 3711 906 3775 quare
920 3693 1092 3757 Poeantius
1108 3699 1203 3754 antro

492 3790 587 3854 Voce
602 3791 757 3874 fatigaret
771 3793 909 3856 Lemnia
924 3810 1009 3856 saxa
1025 3811 1096 3856 sua.
1172 3815 1173 3818 ¹

361 3888 568 3956 Philoctetes
581 3901 693 3958 autem
708 3900 834 3970 noster,
850 3891 971 3960 sedens
985 3899 1032 3968 et,
1047 3891 1096 3956 uti
1107 3891 1246 3968 videtur,
1262 3909 1408 3973 conque-

319 4007 403 4064 rens,
419 3991 548 4068 hioeto,
564 3995 664 4060 immo
680 3997 781 4060 otiam
796 3995 979 4072 Gronovio,
995 3991 1244 4074 Dactyliothec.
1271 4007 1310 4054 ιι.
1334 3993 1409 4060 aas.

319 4083 416 4152 Gens.
431 4098 481 4155 est
495 4093 794 4176 miles-sagittarius
820 4098 926 4163 atroci
940 4095 1235 4175 bellosuperstcs
1247 4093 1358 4159 nudus
1373 4101 1406 4158 et
