3036 4918
380 355 428 406 on
450 357 768 410 arescam-succi
793 360 966 413 suornm.
1168 353 1211 418 ei
1348 339 1352 358 “

164 523 308 575 xxxiv,
331 505 424 587 Quid
435 511 540 592 argui
564 509 741 576 Familiam
763 512 849 578 hanc
872 513 923 578 sio
948 535 1011 598 ego
1034 517 1211 584 ordinave-

123 609 193 690 rim,
207 611 322 676 sodex
336 610 543 694 conjectura,
564 616 603 676 ut
621 620 706 696 puto
719 619 841 693 muron,
856 613 1034 698 probabili.
1077 617 1211 689 Primus

121 713 155 776 in
169 731 210 777 aa
223 713 273 804 vir
286 712 426 778 illustris
439 712 504 780 fnit
516 712 562 792 Q.
581 713 732 782 Aradios
748 714 907 794 Rufinus,
922 715 1112 782 Praesectus
1126 719 1210 796 urbi,

12 803 13 808 ’
120 817 217 880 Auno
234 831 340 878 mavi.
366 823 402 880 et
424 831 554 882 mnxrr.
580 817 639 900 qni
665 817 754 886 male
776 817 813 882 iu
833 817 948 884 libello
970 817 1209 894 Ptarleotornm
1331 895 1334 900 ,

117 915 223 993 urbis,
237 915 350 994 modo,
359 913 510 982 Eraclius
522 916 680 998 Rufinus,
688 919 787 986 ruodo
802 918 984 986 Heraclius
994 917 1077 983 Rus.
1088 924 1122 984 et
1133 921 1209 988 ideo

118 1017 160 1079 ab
188 1014 332 1080 Onuirio
362 1016 464 1082 etiam
493 1016 602 1102 pejus,
628 1018 811 1086 Heraclius
841 1019 988 1088 Rufinus
1012 1022 1212 1091 nominatur.

118 1112 206 1182 Vide
220 1115 373 1208 duretam
388 1117 432 1184 ad
448 1117 644 1184 Auctarium
660 1121 852 1204 Symmachi
863 1121 929 1206 Ep.
944 1139 971 1190 1.
1015 1122 1111 1188 Idem
1126 1122 1213 1188 Con·

116 1217 316 1284 snl'ridotnr
330 1218 436 1286 fuisse
451 1218 540 1285 Anni
556 1236 728 1288 mnxvrrr.
737 1241 804 1300 non
815 1229 923 1290 autom
933 1223 991 1296 ille
999 1223 1045 1303 Q.
1060 1224 1120 1290 Ar.
1130 1224 1211 1290 Rui.

117 1316 198 1384 Val.
213 1317 447 1398 Proculcauit
461 1321 534 1387 vult
549 1319 721 1401 Onuirius,
742 1328 776 1390 et
790 1323 859 1388 alii.
904 1323 994 1390 Nam
1010 1323 1140 1393 Consul
1149 1327 1213 1390 iste

116 1423 162 1486 ab
184 1421 346 1502 Eusebio,
369 1421 587 1502 cassiodoro,
600 1427 660 1492 &o
683 1445 753 1490 uon
775 1425 953 1504 Proculus,
975 1426 1036 1492 sod
1066 1424 1211 1493 Rufinus

114 1523 317 1607 simpliciter
331 1523 463 1590 dicitur.
506 1524 663 1610 Denique
678 1525 734 1592 bic
751 1532 805 1594 est
821 1527 878 1592 ille
893 1527 1040 1594 Aradius
1057 1527 1211 1606 Rufinus,

114 1643 219 1706 quem
232 1625 284 1690 bis
299 1625 488 1692 nominibus
501 1627 650 1695 celebrat
664 1627 887 1712 Symmachus
901 1627 1003 1694 Pater
1026 1630 1062 1696 iu
1086 1627 1212 1694 Aucta·

112 1727 170 1790 rio
185 1725 250 1810 Ep.
264 1733 288 1792 ι’.
303 1726 434 1792 addens
448 1727 492 1793 ad
503 1735 700 1807 esbernum,

249 1827 477 1912 Principibus,
492 1849 633 1912 quorum
647 1830 785 1914 viguisti
799 1835 962 1914 tempore,
973 1827 1094 1897 doctus

249 1925 320 1991 Aut
334 1929 481 1993 calcaria
493 1931 575 1996 serre
589 1931 698 2007 honis,
707 1939 777 1996 'aut
789 1931 898 1998 fraena
911 1931 1074 2016 tyrannis.

115 2029 280 2111 intelligit
295 2034 407 2094 autem
422 2047 538 2096 omnes
556 2031 635 2096 illos
652 2031 828 2115 Principes
841 2040 877 2098 et
891 2032 1057 2114 omues,
1068 2033 1127 2116 qni
1141 2034 1214 2100 fue·

66 2165 70 2174 ·
114 2141 197 2196 runt
208 2133 292 2196 inter
306 2129 605 2196 Diocletiannmet
618 2129 869 2222 Constantinum
887 2131 1058 2214 Magnum,
1072 2151 1213 2214 quorurn

113 2235 265 2298 omnium
287 2239 432 2318 tempore
456 2232 563 2314 sigirit
588 2251 706 2298 revera
729 2231 785 2296 bic
807 2232 918 2310 bomo,
944 2237 1003 2298 ‘ex
1024 2231 1140 2300 ruina'
1161 2233 1213 2299 id-

114 2337 212 2400 circo
234 2336 414 2418 ‘proximu
435 2333 572 2411 oetafis,'
593 2353 694 2419 quam
707 2339 834 2418 patrem
849 2354 946 2400 suum
965 2335 1040 2400 istis
1060 2334 1213 2400 carmini·

115 2439 183 2500 bns
210 2435 436 2502 ‘illuminare’
461 2436 509 2500 ait
523 2436 612 2502 tilius
634 2435 867 2520 Symmachus,
884 2437 927 2502 ab
949 2435 1010 2504 illo
1025 2443 1131 2520 patre,
1152 2438 1229 2520 qui·

113 2538 226 2603 floruit
245 2541 308 2604 sub
328 2537 527 2604 Constantio
551 2544 585 2601 et
606 2537 759 2611 Juliauo,
772 2537 979 2617 repetendus.
1023 2537 1117 2600 Huic
1138 2537 1212 2602 Ru·
1236 2535 1237 2538 ’

115 2639 185 2703 fimo
211 2638 369 2721 proximu
381 2633 627 2724 necessitudine
637 2633 777 2715 junctus
790 2630 896 2700 luisse
910 2633 1041 2699 videtur
1056 2634 1213 2700 Valerius
1261 2655 1263 2659 ·

115 2734 300 2814 Proculus,
320 2735 378 2800 ille
401 2735 490 2816 ipsa,
514 2751 613 2815 quem
635 2731 797 2815 oi-jungit
818 2731 1038 2816 Symmachus
1058 2738 1214 2815 potensi
1299 2802 1302 2808 ,

114 2836 297 2922 praemittit
315 2833 438 2900 Anicio
458 2833 594 2899 Juliano
617 2851 659 2898 ac
680 2831 838 2896 Petronio
860 2831 1043 2913 Probiano,
1058 2832 1213 2902 Consuli-

114 2942 183 3005 bus
198 2934 289 3000 Anni
306 2949 475 2999 mnxxrv.
490 2953 575 3026 quos
590 2933 748 3016 seqnitur
761 2932 862 3001 isthic
877 2951 962 3000 uuus
977 2933 1137 3014 Verinus,
1153 2938 1213 3021 qui

116 3038 307 3108 Praefeotus
322 3037 414 3104 urbis
429 3035 491 3101 fnit
512 3033 675 3118 proximis
690 3034 786 3100 annis
802 3047 958 3098 κων.
984 3041 1021 3100 et
1041 3051 1211 3108 uuxxvr.

116 3142 206 3208 Cum
218 3159 298 3221 crgo
310 3137 464 3204 rideatur
484 3137 520 3200 in
540 3136 616 3202 istis
630 3135 775 3218 quinque
787 3132 975 3200 bominibus
989 3133 1078 3198 ratio
1101 3138 1212 3200 aetatis

117 3228 264 3318 seriata,
280 3238 360 3304 inde
370 3237 505 3320 colligo,
519 3237 626 3302 luisse
640 3255 721 3317 ergo
734 3234 821 3299 bunc
835 3231 1010 3300 Valerium
1018 3233 1210 3314 Proculum

12 3411 13 3426 ,
50 3363 57 3370 ·
119 3363 218 3428 quem
247 3361 269 3406 a
293 3339 420 3425 priscis
441 3337 588 3404 Valeriis
618 3337 803 3403 Publicolis
831 3337 953 3420 repetit
977 3337 1210 3422 Symmachus,

12 3435 13 3504 ]
120 3449 218 3518 aetate
228 3444 419 3529 proximum
433 3439 561 3506 Asudio
576 3437 713 3516 Rufino,
738 3437 877 3522 reliquis
890 3457 971 3504 vero
993 3440 1210 3520 superiorem,

120 3553 221 3628 atque
237 3543 323 3608 adeo
337 3542 506 3608 disemum
521 3558 652 3625 qnoque
666 3538 712 3602 ab
724 3538 792 3604 illis
803 3537 943 3604 Aradiis
952 3536 1031 3603 Val.
1042 3538 1210 3616 Procuiis,

121 3627 181 3729 qui
200 3643 299 3728 paulo
313 3650 394 3728 post
405 3643 597 3720 extiterunt,
613 3646 647 3706 et
669 3659 754 3723 qnos
772 3639 874 3704 ferme
889 3639 1085 3705 crediderim
1104 3637 1210 3702 luisse

12 3781 13 3792 κ
123 3747 203 3830 eJus
211 3746 283 3830 jam
297 3752 376 3810 tnnc
390 3741 648 3827 aetateprouecii
663 3758 768 3823 supra
782 3739 883 3837 Anio.
895 3738 919 3804 J
921 3739 1065 3804 ulianam
1076 3745 1110 3802 ct
1120 3738 1211 3804 Petr.

120 3847 325 3915 Probionnm
342 3846 508 3912 Consules
520 3843 633 3928 (senes
648 3851 757 3906 autern
770 3840 830 3906 illo
843 3845 995 3922 temporo
1016 3839 1209 3921 plerumque

117 3951 188 4032 jani
204 3955 299 4015 eraut
318 3947 441 4033 privati
455 3945 618 4020 homines,
630 3943 690 4025 qui
713 3940 756 4005 ud
771 3939 1005 4014 Consulatum,
1021 3957 1209 4020 supremum

123 4053 312 4118 etiamtunc
337 4050 494 4114 honorum
507 4043 689 4126 fastigium,
710 4048 746 4106 et
764 4039 843 4106 ideo
857 4040 892 4104 in
903 4038 1021 4106 'lituis
1036 4039 1074 4104 L.
1090 4037 1209 4106 Aradii
1295 4037 1297 4046 '

12 4151 15 4252 l
124 4151 201 4220 Val.
238 4151 380 4218 Proculi
409 4147 527 4214 ultimo
549 4147 627 4212 looo
655 4150 888 4222 memoratum,
924 4141 1208 4227 producebantur,
