<?xml version="1.0" encoding="UTF-8"?>
<!DOCTYPE html PUBLIC "-//W3C//DTD XHTML 1.0 Transitional//EN"
    "http://www.w3.org/TR/xhtml1/DTD/xhtml1-transitional.dtd">
<html xmlns="http://www.w3.org/1999/xhtml" xml:lang="en" lang="en">
 <head>
  <title>
</title>
<meta http-equiv="Content-Type" content="text/html;charset=utf-8" />
  <meta name='ocr-system' content='tesseract 3.04.00' />
  <meta name='ocr-capabilities' content='ocr_page ocr_carea ocr_par ocr_line ocrx_word'/>
</head>
<body>
  <div class='ocr_page' id='page_1' title='image "./dictyscretensis00smidgoog_0255.png"; bbox 0 0 3044 4896; ppageno 0'>
   <div class='ocr_carea' id='block_1_1' title="bbox 370 311 1186 379">
    <p class='ocr_par' dir='ltr' id='par_1_1' title="bbox 370 311 1186 379">
     <span class='ocr_line' id='line_1_1' title="bbox 370 311 1186 379; baseline 0.015 -14"><span class='ocrx_word' id='word_1_1' title='bbox 370 319 418 365; x_wconf 84' lang='lat' dir='ltr'><strong>ou</strong></span> <span class='ocrx_word' id='word_1_2' title='bbox 436 319 562 366; x_wconf 76' lang='lat' dir='ltr'><strong>cucco</strong></span> <span class='ocrx_word' id='word_1_3' title='bbox 585 320 756 379; x_wconf 72' lang='lat' dir='ltr'><strong>rnornrto</strong></span> <span class='ocrx_word' id='word_1_4' title='bbox 780 323 851 372; x_wconf 78' lang='lat' dir='ltr'><strong>nro.</strong></span> <span class='ocrx_word' id='word_1_5' title='bbox 876 323 908 369; x_wconf 89' lang='lat' dir='ltr'><strong>v.</strong></span> <span class='ocrx_word' id='word_1_6' title='bbox 1121 311 1186 376; x_wconf 77' lang='lat' dir='ltr'><strong>atu</strong></span> 
     </span>
    </p>
   </div>
   <div class='ocr_carea' id='block_1_2' title="bbox 42 459 1273 2549">
    <p class='ocr_par' dir='ltr' id='par_1_2' title="bbox 42 459 1273 2549">
     <span class='ocr_line' id='line_1_2' title="bbox 97 459 1182 546; baseline 0.006 -21"><span class='ocrx_word' id='word_1_7' title='bbox 97 460 269 525; x_wconf 84' lang='lat' dir='ltr'><strong>consulere</strong></span> <span class='ocrx_word' id='word_1_8' title='bbox 281 459 342 538; x_wconf 87' lang='lat' dir='ltr'><strong>eis,</strong></span> <span class='ocrx_word' id='word_1_9' title='bbox 357 461 417 542; x_wconf 88' lang='lat' dir='ltr'><strong>q&#39;ui</strong></span> <span class='ocrx_word' id='word_1_10' title='bbox 432 464 560 544; x_wconf 80' lang='lat' dir='ltr'><strong>semper</strong></span> <span class='ocrx_word' id='word_1_11' title='bbox 574 470 729 527; x_wconf 81' lang='lat' dir='ltr'><strong>auctores</strong></span> <span class='ocrx_word' id='word_1_12' title='bbox 749 465 849 546; x_wconf 88' lang='lat' dir='ltr'><strong>pacis</strong></span> <span class='ocrx_word' id='word_1_13' title='bbox 867 464 1005 529; x_wconf 82' lang='lat' dir='ltr'><strong>inerint:</strong></span> <span class='ocrx_word' id='word_1_14' title='bbox 1031 471 1182 532; x_wconf 83' lang='lat' dir='ltr'><strong>‘ceterum</strong></span> 
     </span>
     <span class='ocr_line' id='line_1_3' title="bbox 98 559 1182 645; baseline 0.006 -21"><span class='ocrx_word' id='word_1_15' title='bbox 98 559 286 644; x_wconf 72' lang='lat' dir='ltr'><strong>aurojanis</strong></span> <span class='ocrx_word' id='word_1_16' title='bbox 301 560 601 625; x_wconf 88' lang='lat' dir='ltr'><strong>ob&#39;maleconsulta</strong></span> <span class='ocrx_word' id='word_1_17' title='bbox 615 565 699 626; x_wconf 89' lang='lat' dir='ltr'><strong>satis</strong></span> <span class='ocrx_word' id='word_1_18' title='bbox 714 575 885 645; x_wconf 85' lang='lat' dir='ltr'><strong>poeuamm</strong></span> <span class='ocrx_word' id='word_1_19' title='bbox 901 571 1068 630; x_wconf 85' lang='lat' dir='ltr'><strong>exactum.</strong></span> <span class='ocrx_word' id='word_1_20' title='bbox 1094 567 1182 630; x_wconf 88' lang='lat' dir='ltr'><strong>Dein</strong></span> 
     </span>
     <span class='ocr_line' id='line_1_4' title="bbox 97 660 1182 746; baseline 0.006 -22"><span class='ocrx_word' id='word_1_21' title='bbox 97 660 296 726; x_wconf 78' lang='lat' dir='ltr'><strong>ru&#39;ulto&#39;hinc</strong></span> <span class='ocrx_word' id='word_1_22' title='bbox 318 667 418 742; x_wconf 88' lang='lat' dir='ltr'><strong>atque</strong></span> <span class='ocrx_word' id='word_1_23' title='bbox 440 661 516 724; x_wconf 83' lang='lat' dir='ltr'><strong>iude</strong></span> <span class='ocrx_word' id='word_1_24' title='bbox 539 661 654 726; x_wconf 89' lang='lat' dir='ltr'><strong>habito</strong></span> <span class='ocrx_word' id='word_1_25' title='bbox 674 666 837 741; x_wconf 79' lang='lat' dir='ltr'><strong>sermone,</strong></span> <span class='ocrx_word' id='word_1_26' title='bbox 854 663 897 728; x_wconf 85' lang='lat' dir='ltr'><strong>ad</strong></span> <span class='ocrx_word' id='word_1_27' title='bbox 918 671 1121 746; x_wconf 84' lang='lat' dir='ltr'><strong>postremum</strong></span> <span class='ocrx_word' id='word_1_28' title='bbox 1141 667 1182 730; x_wconf 88' lang='lat' dir='ltr'><strong>de</strong></span> 
     </span>
     <span class='ocr_line' id='line_1_5' title="bbox 42 755 1182 849; baseline 0.004 -25"><span class='ocrx_word' id='word_1_29' title='bbox 42 802 47 815; x_wconf 81' lang='lat'><em>-</em></span> <span class='ocrx_word' id='word_1_30' title='bbox 97 755 196 826; x_wconf 91' lang='lat' dir='ltr'><strong>modo</strong></span> <span class='ocrx_word' id='word_1_31' title='bbox 216 759 426 842; x_wconf 75' lang='lat' dir='ltr'><strong>praemiorum</strong></span> <span class='ocrx_word' id='word_1_32' title='bbox 447 762 500 842; x_wconf 82' lang='lat' dir='ltr'><strong>agi</strong></span> <span class='ocrx_word' id='word_1_33' title='bbox 520 769 679 844; x_wconf 79' lang='lat' dir='ltr'><strong>creptum.</strong></span> <span class='ocrx_word' id='word_1_34' title='bbox 699 771 702 776; x_wconf 89' lang='lat'>&#39;</span> <span class='ocrx_word' id='word_1_35' title='bbox 723 764 810 827; x_wconf 85' lang='lat' dir='ltr'><strong>Tum</strong></span> <span class='ocrx_word' id='word_1_36' title='bbox 835 765 1017 829; x_wconf 78' lang='lat' dir='ltr'>Diomedes</span> <span class='ocrx_word' id='word_1_37' title='bbox 1037 765 1182 849; x_wconf 85' lang='lat' dir='ltr'><strong>quinque</strong></span> 
     </span>
     <span class='ocr_line' id='line_1_6' title="bbox 96 860 1181 948; baseline 0.003 -24"><span class='ocrx_word' id='word_1_38' title='bbox 96 860 200 925; x_wconf 85' lang='lat' dir='ltr'><strong>millia</strong></span> <span class='ocrx_word' id='word_1_39' title='bbox 214 861 434 926; x_wconf 83' lang='lat' dir='ltr'><strong>talentorum⁸</strong></span> <span class='ocrx_word' id='word_1_40' title='bbox 447 863 531 940; x_wconf 88' lang='lat' dir='ltr'><strong>auri,</strong></span> <span class='ocrx_word' id='word_1_41' title='bbox 546 882 587 927; x_wconf 90' lang='lat' dir='ltr'><strong>ac</strong></span> <span class='ocrx_word' id='word_1_42' title='bbox 598 864 735 928; x_wconf 89' lang='lat' dir='ltr'><strong>totidem</strong></span> <span class='ocrx_word' id='word_1_43' title='bbox 750 863 903 945; x_wconf 77' lang='lat' dir='ltr'><strong>&#39;argentih</strong></span> <span class='ocrx_word' id='word_1_44' title='bbox 918 872 1013 948; x_wconf 87' lang='lat' dir='ltr'><strong>optat</strong></span> <span class='ocrx_word' id='word_1_45' title='bbox 1025 871 1181 947; x_wconf 63' lang='lat' dir='ltr'><strong>epraeter·</strong></span> 
     </span>
     <span class='ocr_line' id='line_1_7' title="bbox 97 959 1182 1046; baseline 0.005 -23"><span class='ocrx_word' id='word_1_46' title='bbox 97 978 138 1023; x_wconf 81' lang='lat' dir='ltr'><strong>ea</strong></span> <span class='ocrx_word' id='word_1_47' title='bbox 162 961 265 1024; x_wconf 88' lang='lat' dir='ltr'><strong>tritici</strong></span> <span class='ocrx_word' id='word_1_48' title='bbox 287 967 424 1028; x_wconf 77' lang='lat' dir='ltr'><strong>centena</strong></span> <span class='ocrx_word' id='word_1_49' title='bbox 436 959 562 1040; x_wconf 74' lang='lat' dir='ltr'><strong>millia,i</strong></span> <span class='ocrx_word' id='word_1_50' title='bbox 581 970 711 1045; x_wconf 82' lang='lat' dir='ltr'><strong>eaque⁹</strong></span> <span class='ocrx_word' id='word_1_51' title='bbox 730 981 790 1046; x_wconf 84' lang='lat' dir='ltr'><strong>per</strong></span> <span class='ocrx_word' id='word_1_52' title='bbox 804 983 910 1028; x_wconf 81' lang='lat' dir='ltr'><strong>annos</strong></span> <span class='ocrx_word' id='word_1_53' title='bbox 925 965 1051 1038; x_wconf 84' lang='lat' dir='ltr'><strong>decem.</strong></span> <span class='ocrx_word' id='word_1_54' title='bbox 1094 966 1182 1029; x_wconf 85' lang='lat' dir='ltr'><strong>Tum</strong></span> 
     </span>
     <span class='ocr_line' id='line_1_8' title="bbox 96 1059 1183 1140; baseline 0.006 -18"><span class='ocrx_word' id='word_1_55' title='bbox 96 1059 225 1124; x_wconf 85' lang='lat' dir='ltr'><strong>silentio</strong></span> <span class='ocrx_word' id='word_1_56' title='bbox 254 1062 368 1126; x_wconf 89' lang='lat' dir='ltr'><strong>habito</strong></span> <span class='ocrx_word' id='word_1_57' title='bbox 392 1081 414 1127; x_wconf 88' lang='lat' dir='ltr'><strong>a</strong></span> <span class='ocrx_word' id='word_1_58' title='bbox 443 1065 585 1140; x_wconf 88' lang='lat' dir='ltr'><strong>cunctis,</strong></span> <span class='ocrx_word' id='word_1_59' title='bbox 609 1060 768 1138; x_wconf 78' lang='lat' dir='ltr'><strong>Antenor,</strong></span> <span class='ocrx_word' id='word_1_60' title='bbox 791 1083 855 1127; x_wconf 87' lang='lat' dir='ltr'><strong>nou</strong></span> <span class='ocrx_word' id='word_1_61' title='bbox 879 1062 1070 1128; x_wconf 86' lang='lat' dir='ltr'><strong>Graecorum</strong></span> <span class='ocrx_word' id='word_1_62' title='bbox 1092 1083 1183 1128; x_wconf 89' lang='lat' dir='ltr'><strong>more</strong></span> 
     </span>
     <span class='ocr_line' id='line_1_9' title="bbox 97 1162 1181 1245; baseline 0.006 -22"><span class='ocrx_word' id='word_1_63' title='bbox 97 1163 190 1240; x_wconf 78' lang='lat' dir='ltr'><strong>agere</strong></span> <span class='ocrx_word' id='word_1_64' title='bbox 203 1180 264 1224; x_wconf 89' lang='lat' dir='ltr'><strong>eos</strong></span> <span class='ocrx_word' id='word_1_65' title='bbox 280 1162 455 1226; x_wconf 87' lang='lat' dir='ltr'><strong>adversum</strong></span> <span class='ocrx_word' id='word_1_66' title='bbox 471 1183 510 1226; x_wconf 88' lang='lat' dir='ltr'><strong>se</strong></span> <span class='ocrx_word' id='word_1_67' title='bbox 526 1163 585 1237; x_wconf 89' lang='lat' dir='ltr'><strong>ait,</strong></span> <span class='ocrx_word' id='word_1_68' title='bbox 600 1162 659 1226; x_wconf 89' lang='lat' dir='ltr'><strong>sed</strong></span> <span class='ocrx_word' id='word_1_69' title='bbox 675 1162 837 1238; x_wconf 83' lang='lat' dir='ltr'><strong>barbaro:</strong></span> <span class='ocrx_word' id='word_1_70' title='bbox 860 1181 1002 1244; x_wconf 87' lang='lat' dir='ltr'><strong>namque</strong></span> <span class='ocrx_word' id='word_1_71' title='bbox 1015 1163 1105 1245; x_wconf 89' lang='lat' dir='ltr'><strong>qnod</strong></span> <span class='ocrx_word' id='word_1_72' title='bbox 1120 1165 1181 1230; x_wconf 88' lang='lat' dir='ltr'><strong>im·</strong></span> 
     </span>
     <span class='ocr_line' id='line_1_10' title="bbox 97 1261 1181 1352; baseline 0.005 -30"><span class='ocrx_word' id='word_1_73' title='bbox 97 1261 275 1339; x_wconf 84' lang='lat' dir='ltr'><strong>possibilia</strong></span> <span class='ocrx_word' id='word_1_74' title='bbox 290 1263 511 1344; x_wconf 75' lang='lat' dir='ltr'><strong>postularent,</strong></span> <span class='ocrx_word' id='word_1_75' title='bbox 526 1264 640 1345; x_wconf 87' lang='lat' dir='ltr'><strong>palam</strong></span> <span class='ocrx_word' id='word_1_76' title='bbox 660 1263 739 1338; x_wconf 87' lang='lat' dir='ltr'><strong>fieri,</strong></span> <span class='ocrx_word' id='word_1_77' title='bbox 754 1269 919 1343; x_wconf 81' lang='lat' dir='ltr'><strong>praetextu</strong></span> <span class='ocrx_word' id='word_1_78' title='bbox 938 1264 1038 1344; x_wconf 36' lang='lat' dir='ltr'><strong>,pacis</strong></span> <span class='ocrx_word' id='word_1_79' title='bbox 1056 1264 1181 1352; x_wconf 90' lang='lat' dir='ltr'><strong>bellum</strong></span> 
     </span>
     <span class='ocr_line' id='line_1_11' title="bbox 96 1361 1181 1445; baseline -0.004 -17"><span class='ocrx_word' id='word_1_80' title='bbox 96 1378 152 1428; x_wconf 81' lang='lat' dir='ltr'><strong>eos</strong></span> <span class='ocrx_word' id='word_1_81' title='bbox 167 1361 342 1427; x_wconf 84' lang='lat' dir='ltr'><strong>instruere:</strong></span> <span class='ocrx_word' id='word_1_82' title='bbox 365 1369 509 1428; x_wconf 87' lang='lat' dir='ltr'><strong>ceterum</strong></span> <span class='ocrx_word' id='word_1_83' title='bbox 525 1365 595 1429; x_wconf 81' lang='lat' dir='ltr'><strong>auri</strong></span> <span class='ocrx_word' id='word_1_84' title='bbox 610 1371 736 1428; x_wconf 87' lang='lat' dir='ltr'><strong>tanturn</strong></span> <span class='ocrx_word' id='word_1_85' title='bbox 755 1370 876 1445; x_wconf 89' lang='lat' dir='ltr'><strong>atqne¹</strong></span> <span class='ocrx_word' id='word_1_86' title='bbox 901 1364 1027 1444; x_wconf 80' lang='lat' dir='ltr'><strong>argenti</strong></span> <span class='ocrx_word' id='word_1_87' title='bbox 1048 1381 1091 1424; x_wconf 89' lang='lat' dir='ltr'><strong>ue</strong></span> <span class='ocrx_word' id='word_1_88' title='bbox 1113 1369 1181 1425; x_wconf 89' lang='lat' dir='ltr'><strong>tum</strong></span> 
     </span>
     <span class='ocr_line' id='line_1_12' title="bbox 96 1459 1183 1547; baseline 0.003 -25"><span class='ocrx_word' id='word_1_89' title='bbox 96 1459 240 1540; x_wconf 87' lang='lat' dir='ltr'><strong>quidem,</strong></span> <span class='ocrx_word' id='word_1_90' title='bbox 254 1463 449 1547; x_wconf 85' lang='lat' dir='ltr'><strong>priusquam</strong></span> <span class='ocrx_word' id='word_1_91' title='bbox 464 1465 498 1527; x_wconf 88' lang='lat' dir='ltr'><strong>iu</strong></span> <span class='ocrx_word' id='word_1_92' title='bbox 515 1466 640 1529; x_wconf 82' lang='lat' dir='ltr'><strong>auxilia</strong></span> <span class='ocrx_word' id='word_1_93' title='bbox 656 1466 820 1538; x_wconf 87' lang='lat' dir='ltr'><strong>conducta</strong></span> <span class='ocrx_word' id='word_1_94' title='bbox 839 1463 1083 1538; x_wconf 77' lang='lat' dir='ltr'><strong>dilaceraretur,</strong></span> <span class='ocrx_word' id='word_1_95' title='bbox 1099 1461 1183 1526; x_wconf 85' lang='lat' dir='ltr'><strong>civi·</strong></span> 
     </span>
     <span class='ocr_line' id='line_1_13' title="bbox 89 1549 1181 1647; baseline 0.003 -24"><span class='ocrx_word' id='word_1_96' title='bbox 89 1549 156 1623; x_wconf 78' lang='lat' dir='ltr'><strong>&#39;tari</strong></span> <span class='ocrx_word' id='word_1_97' title='bbox 170 1561 325 1626; x_wconf 76' lang='lat' dir='ltr'><strong>luisse-⁴¹²</strong></span> <span class='ocrx_word' id='word_1_98' title='bbox 351 1564 449 1642; x_wconf 84' lang='lat' dir='ltr'><strong>Quod</strong></span> <span class='ocrx_word' id='word_1_99' title='bbox 464 1565 493 1628; x_wconf 90' lang='lat' dir='ltr'><strong>si</strong></span> <span class='ocrx_word' id='word_1_100' title='bbox 509 1584 700 1647; x_wconf 82' lang='lat' dir='ltr'><strong>permonere</strong></span> <span class='ocrx_word' id='word_1_101' title='bbox 715 1566 749 1628; x_wconf 93' lang='lat' dir='ltr'><strong>in</strong></span> <span class='ocrx_word' id='word_1_102' title='bbox 765 1563 880 1628; x_wconf 85' lang='lat' dir='ltr'><strong>eadem</strong></span> <span class='ocrx_word' id='word_1_103' title='bbox 895 1563 1034 1628; x_wconf 84' lang='lat' dir='ltr'><strong>avaritia</strong></span> <span class='ocrx_word' id='word_1_104' title='bbox 1048 1562 1181 1640; x_wconf 89' lang='lat' dir='ltr'><strong>vellent,</strong></span> 
     </span>
     <span class='ocr_line' id='line_1_14' title="bbox 97 1662 1180 1748; baseline 0.001 -24"><span class='ocrx_word' id='word_1_105' title='bbox 97 1679 272 1744; x_wconf 86' lang='lat' dir='ltr'><strong>superesse</strong></span> <span class='ocrx_word' id='word_1_106' title='bbox 300 1664 466 1748; x_wconf 88' lang='lat' dir='ltr'><strong>Trojanis,</strong></span> <span class='ocrx_word' id='word_1_107' title='bbox 493 1667 542 1730; x_wconf 91' lang='lat' dir='ltr'><strong>uti</strong></span> <span class='ocrx_word' id='word_1_108' title='bbox 565 1667 690 1730; x_wconf 84' lang='lat' dir='ltr'><strong>clausis</strong></span> <span class='ocrx_word' id='word_1_109' title='bbox 712 1667 832 1747; x_wconf 88' lang='lat' dir='ltr'><strong>portis,</strong></span> <span class='ocrx_word' id='word_1_110' title='bbox 854 1662 1064 1745; x_wconf 77' lang='lat' dir='ltr'><strong>incensisque</strong></span> <span class='ocrx_word' id='word_1_111' title='bbox 1086 1662 1180 1726; x_wconf 90' lang='lat' dir='ltr'><strong>intus</strong></span> 
     </span>
     <span class='ocr_line' id='line_1_15' title="bbox 97 1761 1181 1846; baseline 0 -20"><span class='ocrx_word' id='word_1_112' title='bbox 97 1761 246 1827; x_wconf 84' lang='lat' dir='ltr'><strong>Deorum</strong></span> <span class='ocrx_word' id='word_1_113' title='bbox 262 1763 426 1842; x_wconf 85' lang='lat' dir='ltr'><strong>aedificiis,</strong></span> <span class='ocrx_word' id='word_1_114' title='bbox 441 1764 484 1829; x_wconf 87' lang='lat' dir='ltr'><strong>ad</strong></span> <span class='ocrx_word' id='word_1_115' title='bbox 497 1772 699 1846; x_wconf 89' lang='lat' dir='ltr'><strong>postremum</strong></span> <span class='ocrx_word' id='word_1_116' title='bbox 713 1765 801 1828; x_wconf 89' lang='lat' dir='ltr'><strong>idem</strong></span> <span class='ocrx_word' id='word_1_117' title='bbox 817 1763 882 1826; x_wconf 90' lang='lat' dir='ltr'><strong>sibi</strong></span> <span class='ocrx_word' id='word_1_118' title='bbox 896 1781 971 1826; x_wconf 90' lang='lat' dir='ltr'><strong>oum</strong></span> <span class='ocrx_word' id='word_1_119' title='bbox 985 1763 1091 1843; x_wconf 83' lang='lat' dir='ltr'><strong>patria</strong></span> <span class='ocrx_word' id='word_1_120' title='bbox 1108 1763 1181 1826; x_wconf 90' lang='lat' dir='ltr'><strong>exi·</strong></span> 
     </span>
     <span class='ocr_line' id='line_1_16' title="bbox 94 1863 1180 1946; baseline -0.002 -21"><span class='ocrx_word' id='word_1_121' title='bbox 94 1863 176 1926; x_wconf 88' lang='lat' dir='ltr'><strong>tium</strong></span> <span class='ocrx_word' id='word_1_122' title='bbox 189 1871 345 1946; x_wconf 85' lang='lat' dir='ltr'><strong>peterent.</strong></span> <span class='ocrx_word' id='word_1_123' title='bbox 372 1865 495 1944; x_wconf 80' lang='lat' dir='ltr'><strong>Contra</strong></span> <span class='ocrx_word' id='word_1_124' title='bbox 512 1864 711 1932; x_wconf 83' lang='lat' dir='ltr'><strong>Diomedes:</strong></span> <span class='ocrx_word' id='word_1_125' title='bbox 738 1863 841 1928; x_wconf 91' lang='lat' dir='ltr'><strong>‘Non</strong></span> <span class='ocrx_word' id='word_1_126' title='bbox 853 1863 1019 1927; x_wconf 84' lang='lat' dir='ltr'><strong>civitatem</strong></span> <span class='ocrx_word' id='word_1_127' title='bbox 1038 1866 1180 1924; x_wconf 85' lang='lat' dir='ltr'><strong>vestram</strong></span> 
     </span>
     <span class='ocr_line' id='line_1_17' title="bbox 96 1959 1181 2046; baseline -0.005 -19"><span class='ocrx_word' id='word_1_128' title='bbox 96 1961 358 2028; x_wconf 85' lang='lat' dir='ltr'><strong>consideratum¹</strong></span> <span class='ocrx_word' id='word_1_129' title='bbox 379 1964 479 2046; x_wconf 83' lang='lat' dir='ltr'><strong>Argis</strong></span> <span class='ocrx_word' id='word_1_130' title='bbox 499 1966 658 2040; x_wconf 84' lang='lat' dir='ltr'><strong>venimus,</strong></span> <span class='ocrx_word' id='word_1_131' title='bbox 679 1981 792 2027; x_wconf 82' lang='lat' dir='ltr'><strong>verum</strong></span> <span class='ocrx_word' id='word_1_132' title='bbox 814 1959 988 2026; x_wconf 81' lang='lat' dir='ltr'><strong>adversum</strong></span> <span class='ocrx_word' id='word_1_133' title='bbox 1003 1977 1066 2023; x_wconf 85' lang='lat' dir='ltr'><strong>vos</strong></span> <span class='ocrx_word' id='word_1_134' title='bbox 1085 1959 1181 2022; x_wconf 87' lang='lat' dir='ltr'><strong>dimi-</strong></span> 
     </span>
     <span class='ocr_line' id='line_1_18' title="bbox 93 2061 1273 2152; baseline -0.003 -26"><span class='ocrx_word' id='word_1_135' title='bbox 93 2064 218 2152; x_wconf 60' lang='lat' dir='ltr'><strong>caturi,</strong></span> <span class='ocrx_word' id='word_1_136' title='bbox 255 2064 427 2148; x_wconf 84' lang='lat' dir='ltr'><strong>Quocirca</strong></span> <span class='ocrx_word' id='word_1_137' title='bbox 449 2066 519 2130; x_wconf 88' lang='lat' dir='ltr'><strong>sive</strong></span> <span class='ocrx_word' id='word_1_138' title='bbox 541 2065 641 2128; x_wconf 86' lang='lat' dir='ltr'><strong>etiarn</strong></span> <span class='ocrx_word' id='word_1_139' title='bbox 665 2083 751 2128; x_wconf 90' lang='lat' dir='ltr'><strong>nuno</strong></span> <span class='ocrx_word' id='word_1_140' title='bbox 777 2061 901 2127; x_wconf 85' lang='lat' dir='ltr'><strong>bellare</strong></span> <span class='ocrx_word' id='word_1_141' title='bbox 924 2063 957 2125; x_wconf 91' lang='lat' dir='ltr'><strong>iu</strong></span> <span class='ocrx_word' id='word_1_142' title='bbox 980 2061 1092 2124; x_wconf 87' lang='lat' dir='ltr'><strong>auimo</strong></span> <span class='ocrx_word' id='word_1_143' title='bbox 1118 2065 1180 2137; x_wconf 89' lang='lat' dir='ltr'><strong>est,</strong></span> <span class='ocrx_word' id='word_1_144' title='bbox 1268 2077 1273 2090; x_wconf 90' lang='lat'><strong>·</strong></span> 
     </span>
     <span class='ocr_line' id='line_1_19' title="bbox 94 2161 1182 2246; baseline -0.003 -19"><span class='ocrx_word' id='word_1_145' title='bbox 94 2165 206 2246; x_wconf 84' lang='lat' dir='ltr'><strong>parati</strong></span> <span class='ocrx_word' id='word_1_146' title='bbox 216 2163 348 2231; x_wconf 84' lang='lat' dir='ltr'><strong>Graeci:</strong></span> <span class='ocrx_word' id='word_1_147' title='bbox 371 2167 454 2243; x_wconf 87' lang='lat' dir='ltr'><strong>sive,</strong></span> <span class='ocrx_word' id='word_1_148' title='bbox 469 2174 506 2231; x_wconf 92' lang='lat' dir='ltr'><strong>ut</strong></span> <span class='ocrx_word' id='word_1_149' title='bbox 521 2168 584 2241; x_wconf 89' lang='lat' dir='ltr'><strong>ais,</strong></span> <span class='ocrx_word' id='word_1_150' title='bbox 600 2166 667 2244; x_wconf 87' lang='lat' dir='ltr'><strong>igni</strong></span> <span class='ocrx_word' id='word_1_151' title='bbox 686 2165 810 2231; x_wconf 82' lang='lat' dir='ltr'><strong>dabitis</strong></span> <span class='ocrx_word' id='word_1_152' title='bbox 824 2164 935 2246; x_wconf 88' lang='lat' dir='ltr'><strong>Ilium,</strong></span> <span class='ocrx_word' id='word_1_153' title='bbox 949 2181 1013 2241; x_wconf 88' lang='lat' dir='ltr'><strong>non</strong></span> <span class='ocrx_word' id='word_1_154' title='bbox 1027 2161 1182 2245; x_wconf 85' lang='lat' dir='ltr'><strong>prohibe·</strong></span> 
     </span>
     <span class='ocr_line' id='line_1_20' title="bbox 94 2263 1181 2350; baseline -0.003 -22"><span class='ocrx_word' id='word_1_155' title='bbox 94 2264 223 2328; x_wconf 87' lang='lat' dir='ltr'><strong>bimus:</strong></span> <span class='ocrx_word' id='word_1_156' title='bbox 244 2268 373 2350; x_wconf 84' lang='lat' dir='ltr'><strong>qnippe</strong></span> <span class='ocrx_word' id='word_1_157' title='bbox 388 2267 521 2332; x_wconf 81' lang='lat' dir='ltr'><strong>Graecis</strong></span> <span class='ocrx_word' id='word_1_158' title='bbox 536 2266 665 2330; x_wconf 83' lang='lat' dir='ltr'><strong>affectis</strong></span> <span class='ocrx_word' id='word_1_159' title='bbox 682 2265 813 2349; x_wconf 86' lang='lat' dir='ltr'><strong>injuria,</strong></span> <span class='ocrx_word' id='word_1_160' title='bbox 829 2263 946 2333; x_wconf 89' lang='lat' dir='ltr'><strong>ulcisci</strong></span> <span class='ocrx_word' id='word_1_161' title='bbox 965 2264 1081 2328; x_wconf 84' lang='lat' dir='ltr'><strong>hostes</strong></span> <span class='ocrx_word' id='word_1_162' title='bbox 1101 2280 1181 2326; x_wconf 89' lang='lat' dir='ltr'><strong>suos</strong></span> 
     </span>
     <span class='ocr_line' id='line_1_21' title="bbox 93 2349 1182 2458; baseline 0.001 -32"><span class='ocrx_word' id='word_1_163' title='bbox 93 2361 168 2429; x_wconf 88' lang='lat' dir='ltr'><strong>finis</strong></span> <span class='ocrx_word' id='word_1_164' title='bbox 182 2366 256 2431; x_wconf 69' lang='lat' dir='ltr'><strong>est!</strong></span> <span class='ocrx_word' id='word_1_165' title='bbox 288 2367 375 2432; x_wconf 87' lang='lat' dir='ltr'><strong>Tum</strong></span> <span class='ocrx_word' id='word_1_166' title='bbox 390 2366 538 2456; x_wconf 87' lang='lat' dir='ltr'><strong>Panthus</strong></span> <span class='ocrx_word' id='word_1_167' title='bbox 557 2370 589 2432; x_wconf 93' lang='lat' dir='ltr'><strong>in</strong></span> <span class='ocrx_word' id='word_1_168' title='bbox 605 2369 794 2458; x_wconf 86' lang='lat' dir='ltr'><strong>proximum</strong></span> <span class='ocrx_word' id='word_1_169' title='bbox 808 2349 892 2430; x_wconf 76' lang='lat' dir='ltr'><strong>diem</strong></span> <span class='ocrx_word' id='word_1_170' title='bbox 908 2365 1038 2430; x_wconf 81' lang='lat' dir='ltr'><strong>veniam</strong></span> <span class='ocrx_word' id='word_1_171' title='bbox 1055 2363 1182 2428; x_wconf 86' lang='lat' dir='ltr'><strong>deliba·</strong></span> 
     </span>
     <span class='ocr_line' id='line_1_22' title="bbox 86 2457 1181 2549; baseline -0.001 -21"><span class='ocrx_word' id='word_1_172' title='bbox 86 2457 187 2530; x_wconf 42' lang='lat' dir='ltr'><strong>¹&lt;randi</strong></span> <span class='ocrx_word' id='word_1_173' title='bbox 203 2473 289 2533; x_wconf 87' lang='lat' dir='ltr'><strong>orat.</strong></span> <span class='ocrx_word' id='word_1_174' title='bbox 333 2469 387 2538; x_wconf 84' lang='lat' dir='ltr'><strong>lta</strong></span> <span class='ocrx_word' id='word_1_175' title='bbox 401 2470 505 2534; x_wconf 88' lang='lat' dir='ltr'><strong>nostri</strong></span> <span class='ocrx_word' id='word_1_176' title='bbox 522 2469 566 2534; x_wconf 84' lang='lat' dir='ltr'><strong>ad</strong></span> <span class='ocrx_word' id='word_1_177' title='bbox 581 2468 777 2533; x_wconf 87' lang='lat' dir='ltr'><strong>Antenorem</strong></span> <span class='ocrx_word' id='word_1_178' title='bbox 793 2469 928 2544; x_wconf 87' lang='lat' dir='ltr'><strong>abeunt,</strong></span> <span class='ocrx_word' id='word_1_179' title='bbox 943 2472 1042 2549; x_wconf 85' lang='lat' dir='ltr'><strong>atque</strong></span> <span class='ocrx_word' id='word_1_180' title='bbox 1056 2464 1132 2528; x_wconf 89' lang='lat' dir='ltr'><strong>inde</strong></span> <span class='ocrx_word' id='word_1_181' title='bbox 1147 2465 1181 2528; x_wconf 91' lang='lat' dir='ltr'><strong>in</strong></span> 
     </span>
    </p>
   </div>
   <div class='ocr_carea' id='block_1_3' title="bbox 89 2691 1182 2892">
    <p class='ocr_par' dir='ltr' id='par_1_3' title="bbox 89 2691 1182 2892">
     <span class='ocr_line' id='line_1_23' title="bbox 89 2691 1182 2754; baseline -0.004 -14"><span class='ocrx_word' id='word_1_182' title='bbox 89 2735 93 2740; x_wconf 95' lang='lat'>.</span> <span class='ocrx_word' id='word_1_183' title='bbox 120 2702 135 2750; x_wconf 67' lang='lat'><strong>,⁰</strong></span> <span class='ocrx_word' id='word_1_184' title='bbox 153 2693 474 2754; x_wconf 74' lang='lat' dir='ltr'><strong>Etenimerrmr&#39;mpoaeililin</strong></span> <span class='ocrx_word' id='word_1_185' title='bbox 482 2698 599 2754; x_wconf 77' lang='lat' dir='ltr'><strong>peterent,</strong></span> <span class='ocrx_word' id='word_1_186' title='bbox 609 2695 633 2740; x_wconf 79' lang='lat' dir='ltr'><strong>ia</strong></span> <span class='ocrx_word' id='word_1_187' title='bbox 645 2699 727 2754; x_wconf 78' lang='lat' dir='ltr'><strong>operto</strong></span> <span class='ocrx_word' id='word_1_188' title='bbox 737 2707 786 2738; x_wconf 81' lang='lat' dir='ltr'><strong>eme</strong></span> <span class='ocrx_word' id='word_1_189' title='bbox 802 2706 840 2740; x_wconf 81' lang='lat' dir='ltr'><strong>eos</strong></span> <span class='ocrx_word' id='word_1_190' title='bbox 850 2692 932 2739; x_wconf 69' lang='lat' dir='ltr'><strong>murm</strong></span> <span class='ocrx_word' id='word_1_191' title='bbox 942 2704 1037 2751; x_wconf 76' lang='lat' dir='ltr'><strong>parcre,</strong></span> <span class='ocrx_word' id='word_1_192' title='bbox 1054 2703 1135 2751; x_wconf 77' lang='lat' dir='ltr'><strong>pacem</strong></span> <span class='ocrx_word' id='word_1_193' title='bbox 1150 2691 1182 2736; x_wconf 81' lang='lat' dir='ltr'><strong>ri-</strong></span> 
     </span>
     <span class='ocr_line' id='line_1_24' title="bbox 91 2748 1182 2816; baseline -0.002 -12"><span class='ocrx_word' id='word_1_194' title='bbox 91 2757 218 2804; x_wconf 71' lang='lat' dir='ltr'><strong>meantes.</strong></span> <span class='ocrx_word' id='word_1_195' title='bbox 256 2755 379 2803; x_wconf 78' lang='lat' dir='ltr'><strong>Preterec</strong></span> <span class='ocrx_word' id='word_1_196' title='bbox 390 2761 481 2803; x_wconf 75' lang='lat' dir='ltr'><strong>tontum</strong></span> <span class='ocrx_word' id='word_1_197' title='bbox 491 2757 539 2802; x_wconf 84' lang='lat' dir='ltr'><strong>cim</strong></span> <span class='ocrx_word' id='word_1_198' title='bbox 549 2758 603 2802; x_wconf 80' lang='lat' dir='ltr'><strong>ocri</strong></span> <span class='ocrx_word' id='word_1_199' title='bbox 613 2761 683 2816; x_wconf 76' lang='lat' dir='ltr'><strong>utque</strong></span> <span class='ocrx_word' id='word_1_200' title='bbox 693 2755 789 2814; x_wconf 75' lang='lat' dir='ltr'><strong>argenti</strong></span> <span class='ocrx_word' id='word_1_201' title='bbox 797 2769 827 2802; x_wconf 81' lang='lat' dir='ltr'><strong>ae</strong></span> <span class='ocrx_word' id='word_1_202' title='bbox 837 2761 886 2802; x_wconf 82' lang='lat' dir='ltr'><strong>trrnr</strong></span> <span class='ocrx_word' id='word_1_203' title='bbox 894 2753 966 2802; x_wconf 73' lang='grc'><strong>000000</strong></span> <span class='ocrx_word' id='word_1_204' title='bbox 976 2751 1057 2800; x_wconf 80' lang='lat' dir='ltr'><strong>urbem</strong></span> <span class='ocrx_word' id='word_1_205' title='bbox 1067 2748 1182 2814; x_wconf 72' lang='grc' dir='ltr'><strong>000000εὲ,</strong></span> 
     </span>
     <span class='ocr_line' id='line_1_25' title="bbox 89 2815 692 2892; baseline -0.003 -25"><span class='ocrx_word' id='word_1_206' title='bbox 89 2817 219 2879; x_wconf 76' lang='lat' dir='ltr'><strong>creteqrmni</strong></span> <span class='ocrx_word' id='word_1_207' title='bbox 228 2818 254 2865; x_wconf 79' lang='lat' dir='ltr'><strong>ia</strong></span> <span class='ocrx_word' id='word_1_208' title='bbox 265 2815 396 2866; x_wconf 76' lang='lat' dir='ltr'><strong>auxiliares</strong></span> <span class='ocrx_word' id='word_1_209' title='bbox 406 2817 504 2866; x_wconf 85' lang='lat' dir='ltr'><strong>co&#39;e&#39;mtor</strong></span> <span class='ocrx_word' id='word_1_210' title='bbox 513 2817 692 2892; x_wconf 72' lang='lat' dir='ltr'><strong>dietrnlreretor.</strong></span> 
     </span>
    </p>
   </div>
   <div class='ocr_carea' id='block_1_4' title="bbox 92 3101 1181 3188">
    <p class='ocr_par' dir='ltr' id='par_1_4' title="bbox 92 3101 1181 3188">
     <span class='ocr_line' id='line_1_26' title="bbox 92 3101 1181 3188; baseline -0.008 -31"><span class='ocrx_word' id='word_1_211' title='bbox 92 3101 213 3172; x_wconf 78' lang='lat' dir='ltr'><strong>‹eque—t</strong></span> <span class='ocrx_word' id='word_1_212' title='bbox 239 3107 334 3170; x_wconf 86' lang='lat' dir='ltr'><strong>Delplr.</strong></span> <span class='ocrx_word' id='word_1_213' title='bbox 355 3109 408 3157; x_wconf 82' lang='lat' dir='ltr'><strong>curi</strong></span> <span class='ocrx_word' id='word_1_214' title='bbox 427 3114 497 3172; x_wconf 77' lang='lat' dir='ltr'><strong>utque</strong></span> <span class='ocrx_word' id='word_1_215' title='bbox 519 3114 610 3160; x_wconf 80' lang='lat' dir='ltr'><strong>tontum</strong></span> <span class='ocrx_word' id='word_1_216' title='bbox 628 3111 781 3170; x_wconf 73' lang='lat' dir='ltr'><strong>urgenti-2</strong></span> <span class='ocrx_word' id='word_1_217' title='bbox 805 3106 903 3188; x_wconf 33' lang='lat' dir='ltr'><strong>Delph..</strong></span> <span class='ocrx_word' id='word_1_218' title='bbox 923 3104 1061 3159; x_wconf 72' lang='lat' dir='ltr'><strong>Quare-³</strong></span> <span class='ocrx_word' id='word_1_219' title='bbox 1082 3101 1181 3163; x_wconf 82' lang='lat' dir='ltr'><strong>Delph.</strong></span> 
     </span>
    </p>
   </div>
   <div class='ocr_carea' id='block_1_5' title="bbox 474 3261 689 3332">
    <p class='ocr_par' dir='ltr' id='par_1_5' title="bbox 474 3261 689 3332">
     <span class='ocr_line' id='line_1_27' title="bbox 474 3261 689 3332; baseline -0.009 0"><span class='ocrx_word' id='word_1_220' title='bbox 474 3261 478 3270; x_wconf 83' lang='lat'><strong><em>&#39;</em></strong></span> <span class='ocrx_word' id='word_1_221' title='bbox 584 3281 689 3332; x_wconf 72' lang='lat' dir='ltr'><strong>nore</strong></span> 
     </span>
    </p>
   </div>
   <div class='ocr_carea' id='block_1_6' title="bbox 91 3387 1183 4204">
    <p class='ocr_par' dir='ltr' id='par_1_6' title="bbox 91 3387 1183 3822">
     <span class='ocr_line' id='line_1_28' title="bbox 110 3387 1183 3460; baseline -0.011 -14"><span class='ocrx_word' id='word_1_222' title='bbox 110 3401 136 3440; x_wconf 73' lang='lat'><strong>&#39;8</strong></span> <span class='ocrx_word' id='word_1_223' title='bbox 155 3398 263 3458; x_wconf 80' lang='lat' dir='ltr'><strong>Quinque</strong></span> <span class='ocrx_word' id='word_1_224' title='bbox 271 3392 507 3460; x_wconf 71' lang='lat' dir='ltr'><strong>otilictuleatorum]</strong></span> <span class='ocrx_word' id='word_1_225' title='bbox 524 3395 614 3444; x_wconf 80' lang='lat' dir='ltr'><strong>Talen-</strong></span> <span class='ocrx_word' id='word_1_226' title='bbox 656 3411 660 3418; x_wconf 95' lang='lat'><em>·</em></span> <span class='ocrx_word' id='word_1_227' title='bbox 688 3388 1006 3453; x_wconf 71' lang='lat' dir='ltr'><strong>¹P1·irrsquomiauaxilic</strong></span> <span class='ocrx_word' id='word_1_228' title='bbox 1023 3387 1183 3436; x_wconf 77' lang='lat' dir='ltr'><strong>maduerunt·</strong></span> 
     </span>
     <span class='ocr_line' id='line_1_29' title="bbox 93 3464 1182 3535; baseline -0.008 -15"><span class='ocrx_word' id='word_1_229' title='bbox 93 3473 616 3535; x_wconf 70' lang='grc' dir='ltr'><strong>0000000001εο0000000000000000000.</strong></span> <span class='ocrx_word' id='word_1_230' title='bbox 656 3471 809 3527; x_wconf 69' lang='lat' dir='ltr'><strong>memoretur,</strong></span> <span class='ocrx_word' id='word_1_231' title='bbox 818 3464 1007 3527; x_wconf 72' lang='lat' dir='ltr'><strong>nntntisaicre]</strong></span> <span class='ocrx_word' id='word_1_232' title='bbox 1024 3465 1119 3528; x_wconf 80' lang='lat' dir='ltr'><strong>series,</strong></span> <span class='ocrx_word' id='word_1_233' title='bbox 1131 3479 1182 3512; x_wconf 94' lang='lat' dir='ltr'><strong>non</strong></span> 
     </span>
     <span class='ocr_line' id='line_1_30' title="bbox 91 3536 1182 3607; baseline -0.006 -15"><span class='ocrx_word' id='word_1_234' title='bbox 91 3544 158 3594; x_wconf 83' lang='lat' dir='ltr'><strong>inde</strong></span> <span class='ocrx_word' id='word_1_235' title='bbox 168 3545 617 3607; x_wconf 78' lang='lat' dir='ltr'><strong>qrrinqnemilliatalentorurnvalent</strong></span> <span class='ocrx_word' id='word_1_236' title='bbox 637 3545 640 3550; x_wconf 60' lang='lat'><strong>⁴</strong></span> <span class='ocrx_word' id='word_1_237' title='bbox 657 3551 755 3593; x_wconf 85' lang='lat' dir='ltr'><strong>tanturn</strong></span> <span class='ocrx_word' id='word_1_238' title='bbox 768 3543 821 3591; x_wconf 83' lang='lat' dir='ltr'><strong>euri</strong></span> <span class='ocrx_word' id='word_1_239' title='bbox 834 3540 874 3589; x_wconf 85' lang='lat' dir='ltr'><strong>vel</strong></span> <span class='ocrx_word' id='word_1_240' title='bbox 890 3539 991 3603; x_wconf 78' lang='lat' dir='ltr'><strong>argenti</strong></span> <span class='ocrx_word' id='word_1_241' title='bbox 1008 3540 1108 3589; x_wconf 80' lang='lat' dir='ltr'><strong>civitati</strong></span> <span class='ocrx_word' id='word_1_242' title='bbox 1120 3536 1182 3586; x_wconf 76' lang='lat' dir='ltr'><strong>inis·</strong></span> 
     </span>
     <span class='ocr_line' id='line_1_31' title="bbox 93 3611 1182 3681; baseline -0.008 -12"><span class='ocrx_word' id='word_1_243' title='bbox 93 3633 187 3669; x_wconf 78' lang='lat' dir='ltr'><strong>aureos</strong></span> <span class='ocrx_word' id='word_1_244' title='bbox 199 3625 299 3665; x_wconf 81' lang='lat' dir='ltr'><strong>nostroe</strong></span> <span class='ocrx_word' id='word_1_245' title='bbox 310 3623 446 3670; x_wconf 75' lang='grc'><strong>00700000.</strong></span> <span class='ocrx_word' id='word_1_246' title='bbox 476 3621 506 3670; x_wconf 87' lang='lat' dir='ltr'><strong>ld</strong></span> <span class='ocrx_word' id='word_1_247' title='bbox 519 3627 568 3681; x_wconf 85' lang='lat' dir='ltr'><strong>est,</strong></span> <span class='ocrx_word' id='word_1_248' title='bbox 579 3618 616 3669; x_wconf 77' lang='lat' dir='ltr'><strong>fe·</strong></span> <span class='ocrx_word' id='word_1_249' title='bbox 656 3635 695 3680; x_wconf 83' lang='lat' dir='ltr'><strong>re,</strong></span> <span class='ocrx_word' id='word_1_250' title='bbox 715 3629 768 3668; x_wconf 86' lang='lat' dir='ltr'><strong>turn</strong></span> <span class='ocrx_word' id='word_1_251' title='bbox 785 3618 872 3676; x_wconf 77' lang='lat' dir='ltr'><strong>etiam,</strong></span> <span class='ocrx_word' id='word_1_252' title='bbox 889 3622 1025 3679; x_wconf 85' lang='lat' dir='ltr'><strong>antequam</strong></span> <span class='ocrx_word' id='word_1_253' title='bbox 1045 3613 1070 3660; x_wconf 89' lang='lat' dir='ltr'><strong>in</strong></span> <span class='ocrx_word' id='word_1_254' title='bbox 1087 3611 1182 3660; x_wconf 78' lang='lat' dir='ltr'><strong>auxilie</strong></span> 
     </span>
     <span class='ocr_line' id='line_1_32' title="bbox 93 3685 1181 3755; baseline -0.008 -12"><span class='ocrx_word' id='word_1_255' title='bbox 93 3710 120 3746; x_wconf 85' lang='lat' dir='ltr'><strong>re</strong></span> <span class='ocrx_word' id='word_1_256' title='bbox 131 3693 374 3755; x_wconf 73' lang='lat' dir='ltr'><strong>sexagintcreptem</strong></span> <span class='ocrx_word' id='word_1_257' title='bbox 392 3697 514 3746; x_wconf 79' lang='lat' dir='ltr'><strong>milliones</strong></span> <span class='ocrx_word' id='word_1_258' title='bbox 530 3704 616 3744; x_wconf 84' lang='lat' dir='ltr'><strong>sento·</strong></span> <span class='ocrx_word' id='word_1_259' title='bbox 658 3693 784 3743; x_wconf 85' lang='lat' dir='ltr'><strong>condocta</strong></span> <span class='ocrx_word' id='word_1_260' title='bbox 804 3705 835 3740; x_wconf 90' lang='lat' dir='ltr'><strong>ea</strong></span> <span class='ocrx_word' id='word_1_261' title='bbox 857 3689 966 3752; x_wconf 79' lang='lat' dir='ltr'><strong>pecunia</strong></span> <span class='ocrx_word' id='word_1_262' title='bbox 988 3685 1181 3738; x_wconf 83' lang='lat' dir='ltr'><strong>distraheretur.</strong></span> 
     </span>
     <span class='ocr_line' id='line_1_33' title="bbox 95 3759 1183 3822; baseline -0.011 -2"><span class='ocrx_word' id='word_1_263' title='bbox 95 3785 150 3821; x_wconf 87' lang='lat' dir='ltr'><strong>rnm</strong></span> <span class='ocrx_word' id='word_1_264' title='bbox 162 3776 317 3816; x_wconf 83' lang='lat' dir='ltr'><strong>nostrornm.</strong></span> <span class='ocrx_word' id='word_1_265' title='bbox 374 3791 376 3796; x_wconf 68' lang='lat'><strong>,</strong></span> <span class='ocrx_word' id='word_1_266' title='bbox 606 3797 609 3804; x_wconf 87' lang='lat'>·</span> <span class='ocrx_word' id='word_1_267' title='bbox 658 3762 888 3817; x_wconf 82' lang='lat' dir='ltr'><strong>‘Dilaceraretur’</strong></span> <span class='ocrx_word' id='word_1_268' title='bbox 902 3768 988 3810; x_wconf 86' lang='lat' dir='ltr'><strong>antem</strong></span> <span class='ocrx_word' id='word_1_269' title='bbox 1001 3761 1098 3822; x_wconf 80' lang='lat' dir='ltr'><strong>optime</strong></span> <span class='ocrx_word' id='word_1_270' title='bbox 1109 3759 1183 3822; x_wconf 79' lang='lat' dir='ltr'><strong>dixit,</strong></span> 
     </span>
    </p>

    <p class='ocr_par' dir='ltr' id='par_1_7' title="bbox 92 3835 1180 4052">
     <span class='ocr_line' id='line_1_34' title="bbox 123 3835 1180 3902; baseline -0.009 -9"><span class='ocrx_word' id='word_1_271' title='bbox 123 3843 182 3892; x_wconf 65' lang='grc' dir='ltr'><strong>οΑσ</strong></span> <span class='ocrx_word' id='word_1_272' title='bbox 192 3840 404 3902; x_wconf 78' lang='lat' dir='ltr'><strong>totidemcrgentr]</strong></span> <span class='ocrx_word' id='word_1_273' title='bbox 416 3840 518 3902; x_wconf 84' lang='lat' dir='ltr'><strong>Nempe</strong></span> <span class='ocrx_word' id='word_1_274' title='bbox 528 3856 618 3890; x_wconf 81' lang='lat' dir='ltr'><strong>aureos</strong></span> <span class='ocrx_word' id='word_1_275' title='bbox 658 3851 689 3892; x_wconf 86' lang='lat' dir='ltr'><strong>nr</strong></span> <span class='ocrx_word' id='word_1_276' title='bbox 704 3843 731 3890; x_wconf 84' lang='lat' dir='ltr'><strong>in</strong></span> <span class='ocrx_word' id='word_1_277' title='bbox 753 3840 796 3887; x_wconf 93' lang='lat' dir='ltr'><strong>illo</strong></span> <span class='ocrx_word' id='word_1_278' title='bbox 813 3837 920 3901; x_wconf 71' lang='lat' dir='ltr'><strong>Ovidii:</strong></span> <span class='ocrx_word' id='word_1_279' title='bbox 937 3835 1064 3884; x_wconf 81' lang='lat' dir='ltr'><strong>‘Viscera</strong></span> <span class='ocrx_word' id='word_1_280' title='bbox 1085 3843 1180 3891; x_wconf 81' lang='lat' dir='ltr'><strong>nostre,</strong></span> 
     </span>
     <span class='ocr_line' id='line_1_35' title="bbox 95 3907 994 3977; baseline -0.016 -9"><span class='ocrx_word' id='word_1_281' title='bbox 95 3927 195 3970; x_wconf 84' lang='lat' dir='ltr'><strong>nostros</strong></span> <span class='ocrx_word' id='word_1_282' title='bbox 207 3921 328 3968; x_wconf 80' lang='grc'><strong>0000000.</strong></span> <span class='ocrx_word' id='word_1_283' title='bbox 345 3915 372 3966; x_wconf 89' lang='lat' dir='ltr'><strong>id</strong></span> <span class='ocrx_word' id='word_1_284' title='bbox 384 3923 431 3977; x_wconf 84' lang='lat' dir='ltr'><strong>est,</strong></span> <span class='ocrx_word' id='word_1_285' title='bbox 442 3914 497 3965; x_wconf 79' lang='lat' dir='ltr'><strong>lere</strong></span> <span class='ocrx_word' id='word_1_286' title='bbox 507 3929 551 3965; x_wconf 79' lang='lat' dir='ltr'><strong>rer</strong></span> <span class='ocrx_word' id='word_1_287' title='bbox 563 3919 619 3966; x_wconf 90' lang='lat' dir='ltr'><strong>mil·</strong></span> <span class='ocrx_word' id='word_1_288' title='bbox 658 3925 710 3966; x_wconf 85' lang='lat' dir='ltr'><strong>tuoe</strong></span> <span class='ocrx_word' id='word_1_289' title='bbox 722 3913 896 3962; x_wconf 79' lang='lat' dir='ltr'><strong>dilacerantur</strong></span> <span class='ocrx_word' id='word_1_290' title='bbox 907 3907 994 3972; x_wconf 84' lang='lat' dir='ltr'><strong>opes.’.</strong></span> 
     </span>
     <span class='ocr_line' id='line_1_36' title="bbox 92 3985 1180 4052; baseline -0.008 -10"><span class='ocrx_word' id='word_1_291' title='bbox 92 3995 322 4042; x_wconf 78' lang='lat' dir='ltr'><strong>lionerscutornrn.</strong></span> <span class='ocrx_word' id='word_1_292' title='bbox 579 4011 581 4018; x_wconf 95' lang='lat'>·</span> <span class='ocrx_word' id='word_1_293' title='bbox 687 3985 1180 4052; x_wconf 65' lang='lat' dir='ltr'><strong>lconaderntaraJIllisresnoorlit,qna</strong></span> 
     </span>
    </p>

    <p class='ocr_par' dir='ltr' id='par_1_8' title="bbox 96 4060 1180 4204">
     <span class='ocr_line' id='line_1_37' title="bbox 126 4060 1180 4130; baseline -0.003 -15"><span class='ocrx_word' id='word_1_294' title='bbox 126 4065 135 4100; x_wconf 74' lang='lat'><strong>¹</strong></span> <span class='ocrx_word' id='word_1_295' title='bbox 151 4067 253 4118; x_wconf 80' lang='lat' dir='ltr'><strong>centeno</strong></span> <span class='ocrx_word' id='word_1_296' title='bbox 266 4067 354 4130; x_wconf 81' lang='lat' dir='ltr'><strong>mittin]</strong></span> <span class='ocrx_word' id='word_1_297' title='bbox 367 4065 535 4129; x_wconf 80' lang='lat' dir='ltr'><strong>¹Motliorunr,</strong></span> <span class='ocrx_word' id='word_1_298' title='bbox 554 4065 619 4115; x_wconf 81' lang='lat' dir='ltr'><strong>scili·</strong></span> <span class='ocrx_word' id='word_1_299' title='bbox 658 4060 896 4118; x_wconf 81' lang='lat' dir='ltr'><strong>dixeretAntenor,</strong></span> <span class='ocrx_word' id='word_1_300' title='bbox 906 4073 954 4110; x_wconf 90' lang='lat' dir='ltr'><strong>non</strong></span> <span class='ocrx_word' id='word_1_301' title='bbox 967 4068 1066 4114; x_wconf 81' lang='lat' dir='ltr'><strong>tantum</strong></span> <span class='ocrx_word' id='word_1_302' title='bbox 1075 4062 1130 4114; x_wconf 77' lang='lat' dir='ltr'><strong>euri</strong></span> <span class='ocrx_word' id='word_1_303' title='bbox 1142 4070 1180 4114; x_wconf 79' lang='lat' dir='ltr'><strong>nt·</strong></span> 
     </span>
     <span class='ocr_line' id='line_1_38' title="bbox 96 4135 1033 4204; baseline -0.002 -14"><span class='ocrx_word' id='word_1_304' title='bbox 96 4146 147 4190; x_wconf 81' lang='lat' dir='ltr'><strong>cet·</strong></span> <span class='ocrx_word' id='word_1_305' title='bbox 660 4155 710 4204; x_wconf 89' lang='lat' dir='ltr'><strong>que</strong></span> <span class='ocrx_word' id='word_1_306' title='bbox 723 4139 823 4204; x_wconf 75' lang='lat' dir='ltr'><strong>argenti</strong></span> <span class='ocrx_word' id='word_1_307' title='bbox 834 4136 933 4191; x_wconf 80' lang='lat' dir='ltr'><strong>civitati</strong></span> <span class='ocrx_word' id='word_1_308' title='bbox 945 4135 1033 4189; x_wconf 80' lang='lat' dir='ltr'><strong>fuisse.</strong></span> 
     </span>
    </p>
   </div>
   <div class='ocr_carea' id='block_1_7' title="bbox 0 0 1526 4896">
    <p class='ocr_par' dir='ltr' id='par_1_9' title="bbox 0 0 1526 4896">
     <span class='ocr_line' id='line_1_39' title="bbox 0 0 1526 4896; baseline 0 0"><span class='ocrx_word' id='word_1_309' title='bbox 0 0 1526 4896; x_wconf 95' lang='lat' dir='ltr'><strong> </strong></span> 
     </span>
    </p>
   </div>
  </div>
 </body>
</html>
