3052 4900
406 327 454 375 uu
479 328 606 376 uxorn.
628 325 755 376 rnorn
777 329 924 380 ursron.
1137 315 1200 380 331

119 475 160 535 ut
176 475 302 551 patrem
318 486 414 532 suum
426 470 624 533 ulciscatur:
647 468 844 550 tandemque
862 472 970 552 placet
981 473 1201 554 Agamemno-

117 569 155 632 ni
172 574 206 632 et
219 567 371 632 omuibus
386 569 571 632 consilium.
615 564 726 632 Datur
743 569 912 648 negotium
936 569 1122 636 Menelaoz‘
1145 573 1199 638 hic

119 669 264 750 Scyrum
275 677 289 703 ¹¹
310 668 530 746 proficiscitur
544 667 586 732 ad
606 669 825 762 Lycomedem
840 687 938 731 avum
952 669 1041 750 ejus:
1066 673 1202 754 imperat

119 771 159 830 ut
170 776 324 852 nepotem
338 789 433 833 suum
449 771 568 833 mittat·
610 768 712 846 Quod
728 767 935 852 Lycomedes
949 765 1083 847 Argivis
1097 768 1202 832 lihen·

119 872 169 930 ter
193 871 371 934 concessit.
413 871 599 953 Postquam
624 870 767 934 induciae
789 871 950 945 exierunt,
972 867 1202 948 Agamemnon

119 969 306 1033 exercitum
322 972 452 1048 eduxit,
467 971 611 1049 instruit,
625 971 783 1036 hortatur.
827 970 950 1034 Contra
972 968 1110 1051 Trojani
1125 986 1203 1050 pro·

119 1066 241 1134 deurit:
263 1071 415 1152 praelium
429 1072 652 1136 committitur.
696 1071 737 1134 Iu
759 1071 865 1153 prima
880 1072 954 1135 acie
969 1069 1063 1152 Ajax
1088 1085 1200 1132 versa·

117 1175 184 1246 tur,
199 1170 341 1232 clamore
355 1189 475 1250 magno
489 1177 570 1234 orto.
614 1170 716 1235 Multi
734 1190 778 1233 ex
798 1177 942 1253 utraque
959 1177 1054 1253 parte
1069 1169 1201 1233 cadunt.

116 1265 311 1332 Alexander
324 1288 435 1332 arcum
450 1275 576 1346 tenens,
591 1272 712 1334 multos
727 1269 888 1345 interficit,
904 1269 1023 1352 Ajacis
1041 1271 1129 1334 latus
1143 1288 1203 1332 nu·

116 1367 199 1431 dum
214 1367 295 1446 figit.
339 1367 431 1450 Ajax
446 1369 577 1432 sancius
592 1390 654 1452 per
667 1370 782 1434 hostes
797 1371 955 1454 persequi
971 1368 1202 1434 Alexandrum

114 1470 245 1550 coepit:
268 1487 331 1532 uec
344 1469 480 1547 destitit,
492 1470 559 1532 nisi
574 1476 806 1553 prosterneret.
835 1471 929 1553 AJax
944 1470 1051 1534 fessus
1063 1471 1202 1536 vulnere

115 1568 151 1631 in
166 1575 280 1632 castra
294 1568 439 1634 refertur.
482 1569 609 1652 Sagitta
623 1578 758 1635 exemto
773 1572 882 1634 statim
897 1571 1061 1634 moriton'
1090 1569 1198 1635 Alex-

117 1668 214 1732 andri
228 1688 347 1753 corpus
361 1669 406 1735 ad
418 1670 531 1734 urbem
547 1673 718 1734 retertur'
759 1670 956 1734 Alexandro
971 1672 1098 1749 occiso,
1117 1671 1201 1736 Dio·

116 1769 230 1832 medea
241 1787 360 1851 magno
375 1769 533 1833 animuin
548 1771 661 1834 hostes
673 1769 922 1851 impressionem
937 1769 1029 1830 iacit.
1055 1771 1202 1851 Phryges

115 1867 200 1932 fessi
214 1869 249 1932 in
270 1870 385 1934 urbem
404 1870 606 1952 confugiunt,
622 1889 707 1953 quos
723 1868 901 1933 Diomedes
915 1886 1024 1949 usque
1039 1867 1073 1930 iu
1087 1869 1202 1931 urbem

116 1970 338 2052 persequitur.
368 1970 594 2054 Agamemnon
609 1973 792 2036 exercitum
807 1971 894 2034 circa
910 1970 1071 2052 oppidum
1085 1968 1201 2045 ducit,²

116 2077 150 2135 et
173 2077 244 2134 tota
267 2079 366 2136 nocte
384 2072 474 2137 circa
491 2093 617 2136 murum
634 2073 777 2148 obsidet,
795 2075 829 2135 et
843 2077 937 2134 curat
950 2070 1136 2133 utaltemis
1151 2071 1201 2132 vi·

117 2171 217 2234 cibus
230 2171 404 2253 diligenter
417 2175 549 2260 vigilias
565 2181 675 2258 agant.
705 2174 848 2237 Postera
861 2171 915 2234 die
929 2169 1082 2233 Priamus
1096 2169 1201 2233 Alex-

118 2267 257 2334 andrum
279 2274 313 2336 in
341 2275 465 2357 oppido
491 2277 624 2358 sepelit,
643 2293 740 2358 quem
764 2291 882 2354 magno
910 2269 1041 2333 ululatu
1067 2267 1202 2334 Helena

116 2381 299 2450 prosecuta
311 2380 373 2450 est,
383 2376 542 2457 quoniam
558 2379 601 2440 ab
613 2397 653 2441 eo
665 2373 843 2440 honorifice
857 2378 999 2436 tractata
1013 2370 1067 2434 sit.
1090 2367 1201 2445 Quam

116 2467 270 2537 Priamus
283 2482 318 2539 et
338 2474 481 2541 Hecuba
495 2484 533 2541 ut
546 2477 651 2544 filiam
667 2478 878 2561 aspexerunt,
896 2479 928 2537 et
951 2471 1121 2552 diligenter
1143 2489 1201 2534 cu·

149 2831 167 2876 2
184 2806 308 2888 limitet
319 2837 378 2874 mox
388 2825 485 2888 adsedit,
495 2823 589 2888 Delph.

607 2951 713 3003 NO'l'AE

112 3127 114 3132 .
149 3085 256 3135 tDatur
265 3081 384 3144 negotiare
394 3081 513 3144 Menelao]
535 3083 576 3132 Ex
585 3083 640 3132 llo·
680 3077 858 3142 alii,'l'rojanie
873 3074 1001 3126 oraculum
1016 3071 1201 3122 editumutlu·

117 3157 336 3220 mero‚⁴Achilli.'
362 3156 640 3222 &suppedaneum
680 3165 708 3207 to
716 3169 774 3205 eum
783 3163 905 3215 credoque
914 3145 1200 3212 peterent,(ferroeuim

119 3235 136 3282 ll
147 3243 175 3284 et
186 3230 319 3282 Pnoenrcrss
679 3230 809 3283 vulnerari
822 3243 874 3278 uon
885 3223 1012 3290 poterat,)
1028 3229 1055 3272 et
1067 3224 1115 3272 hoe
1124 3225 1201 3273 rhodo

150 3319 162 3344 ¹¹
178 3310 277 3372 Qrum
287 3306 453 3372 proficiscitur]
477 3307 570 3358 Obiter
588 3321 641 3358 mo·
680 3308 784 3358 obiisse.
807 3302 859 3353 Alii
870 3313 955 3350 rursus
966 3313 1023 3350 eum
1035 3298 1082 3348 sibi
1092 3305 1201 3346 mortem

118 3383 217 3434 nendos
236 3397 283 3443 ess
295 3383 387 3438 lector,
404 3383 512 3446 Scyrum
532 3383 640 3434 insulam
680 3381 833 3435 conscivisse
842 3375 986 3438 affirmaut3
1009 3388 1113 3439 quorum
1125 3373 1202 3421 estin

118 3457 227 3508 mediam
234 3458 303 3506 iuter
310 3457 431 3506 Euhoeam
439 3457 572 3508 etLeebou
579 3459 640 3508 olim
679 3471 785 3508 numero
796 3451 955 3519 sophocles!
980 3449 1048 3500 Vide
1058 3445 1126 3512 epod
1137 3446 1203 3495 ch·

118 3532 207 3585 tulere.
227 3533 302 3583 Unde
314 3535 499 3585 animadvertes
511 3537 640 3586 solennem
680 3542 735 3600 tyn,
746 3548 772 3582 v.

119 3608 263 3658 tabularum
274 3607 509 3671 Gangraphieerum
518 3624 639 3674 emerem,
710 3615 727 3640 '¹
743 3606 967 3667 Alexandriaeque
977 3603 1007 3652 od
1017 3599 1106 3662 erlem]
1124 3597 1202 3646 Alex·

119 3683 162 3734 ubi
172 3683 265 3749 Scyrus
276 3683 374 3732 Euboea
386 3683 500 3745 proxima
511 3686 624 3746 ponitur.
680 3682 787 3732 andrum
801 3682 833 3729 eh
845 3679 926 3742 Ajace
937 3676 1049 3727 occisum
1066 3672 1139 3733 dicit,
1156 3685 1201 3720 rre-

150 3766 162 3791 '
187 3757 285 3820 Sagitta
310 3762 403 3807 exeunte
427 3757 509 3806 rtatim
528 3760 640 3826 nuritur]
679 3756 805 3819 scioquor
820 3761 938 3803 auctores
954 3755 1073 3800 secutur:
1090 3745 1202 3795 uamalii

120 3830 220 3882 Auctor
236 3832 380 3894 argumenti
397 3832 422 3880 iu
437 3831 568 3893 Sophoclis
581 3834 642 3896 Aja-
679 3843 767 3880 omnes
777 3828 892 3878 scribunt
903 3840 960 3876 eum
977 3839 994 3873 a
1009 3823 1153 3873 Philoctete
1164 3821 1202 3868 in·

121 3919 176 3955 cem
196 3907 233 3956 ita
251 3906 353 3955 scribit:
378 3905 433 3954 ‘De
451 3911 534 3954 morta
553 3903 640 3968 Ajacie
679 3903 816 3954 terfectum
827 3901 924 3951 fuisse:
943 3900 1002 3949 vide
1015 3897 1082 3962 apud
1093 3897 1219 3960 nicqu..

120 3980 220 4030 variant
247 3978 315 4042 apud
341 3985 460 4029 auctores
487 3980 639 4030 sententiae:
679 3980 761 4036 Solus,
772 3977 936 4043 quodetiam,
953 3973 1121 4039 Hephaestion
1134 3969 1201 4021 affir-

120 4055 162 4104 alii
174 4056 246 4104 aiunt
256 4067 272 4103 a
283 4055 378 4104 Paride
387 4055 546 4105 vulneratum
559 4055 641 4105 venis·
680 4062 742 4116 mat,
751 4067 809 4103 eum
820 4051 963 4102 ehleuelao
972 4051 998 4104 iu
1007 4048 1104 4100 femore
1115 4048 1200 4097 vulue-

122 4125 638 4193 reiucartraruaraagniuedefluentem:
680 4128 907 4181 ratuniuteriirae.
