3052 4900
394 343 442 390 na
467 343 594 390 nxorn.
617 345 741 394 rnosn
765 351 912 398 rrrsroa.
1124 335 1189 401 325

106 501 186 564 qnae
202 497 276 544 cum
289 479 425 546 Priamo
435 489 454 516 '
476 489 587 563 egerat
600 502 695 546 servo
710 485 807 549 dicit:
831 507 945 550 servus
961 491 1080 558 Achilli
1103 513 1188 560 nun·

103 585 190 646 tiat:
207 581 356 650 Achilles
371 583 469 665 vulgo
484 584 639 666 queritur,
654 585 752 648 nnius
766 586 911 649 mulieris
928 589 1068 656 Helenae
1083 613 1187 662 cansa

104 687 210 746 totam
220 682 389 747 Graeciam
398 691 432 748 et
443 685 611 767 Europam
626 684 826 750 advocatam
839 705 925 764 esse,
935 694 1029 750 tanto
1041 699 1186 774 tempore

108 789 160 846 tot
174 784 279 848 millia
293 784 456 848 hominum
471 787 630 867 periisse;
653 793 704 851 tot
720 788 868 869 pericula
881 786 983 866 adiri3
1005 788 1188 858 libertatem

107 883 142 946 in
157 885 297 967 ancipiti
311 905 402 950 esser
424 888 533 951 unde¹
557 887 628 952 fieri
640 907 756 970 pacem
775 887 902 965 debere,
923 888 1087 952 exercitus
1100 907 1191 954 rece-

108 984 197 1050 dere.
240 982 359 1066 Annus
374 988 593 1053 circumactus
608 995 670 1054 est.
699 988 899 1055 Palamedes
913 991 1099 1055 exercitum
1113 990 1192 1054 edu-

106 1086 168 1162 cit,
183 1087 322 1152 instruit.
365 1091 445 1173 [DS]
469 1090 665 1174 Deiphobus
690 1098 818 1155 eontra.
861 1092 1011 1156 Achilles
1032 1093 1137 1156 iratus
1156 1092 1192 1154 in

107 1185 260 1266 praelium
282 1205 348 1252 non
370 1189 492 1271 prodit.
535 1189 733 1254 Palamedes
749 1193 960 1255 occasionem
975 1199 1107 1268 nectua,
1132 1191 1192 1254 im·

106 1287 314 1368 pressionem
327 1285 361 1350 in
377 1287 589 1370 Deiphobum
609 1286 699 1362 lacit,
720 1295 755 1351 et
768 1307 845 1351 eum
861 1290 1037 1353 obtruncat
1050 1297 1083 1348 τ’
1104 1309 1190 1372 prae-

106 1389 192 1452 lium
207 1407 283 1451 acre
297 1388 446 1470 insurgit,
469 1389 512 1451 ab
527 1388 674 1469 utrisque
688 1390 836 1471 partibus
850 1389 957 1454 multa
971 1390 1077 1454 millia
1088 1390 1195 1455 homi·

106 1509 190 1552 num
202 1488 336 1553 cadunt.
379 1489 577 1554 Palamedes
591 1490 625 1553 in
641 1491 748 1572 prima
760 1492 831 1553 acie
845 1495 1011 1572 versatur3
1033 1491 1194 1557 hortatur·

107 1609 177 1672 que
205 1595 240 1654 ul
262 1590 416 1673 praelium
440 1589 566 1654 fortiter
594 1596 718 1671 gerant.
762 1588 888 1653 Contra
910 1609 987 1656 enm
1017 1591 1193 1674 Sarpedon

109 1689 233 1773 Lycius
258 1693 410 1769 occumit,
426 1709 568 1773 eumque
593 1690 791 1754 Palamedes
816 1691 989 1755 interficit.²
1031 1693 1194 1758 Eclecto

109 1791 210 1856 laetus
224 1793 258 1856 in
273 1796 345 1858 acie
358 1799 515 1859 versatur.
558 1791 622 1854 Cui
636 1790 800 1854 exultanti
823 1796 859 1851 et
879 1791 1031 1870 glorianti
1045 1792 1194 1857 Alexan·

110 1892 169 1955 der
183 1893 280 1958 Paris
296 1895 417 1976 sagitta
438 1892 561 1956 collum
586 1889 773 1972 transfigit⁸
815 1889 966 1973 Phryges
987 1891 1194 1957 animadver-

111 1999 192 2071 tunt,
208 1995 274 2058 tela
287 1995 478 2079 conjiciunt,
494 2002 595 2073 atque
609 1992 657 2055 ita
672 1989 873 2055 Palamedes
888 1991 1060 2057 occiditur.
1098 1991 1193 2077 Rege

112 2097 241 2170 occiso,
255 2094 370 2176 Argivi
383 2095 515 2172 cedunt,
529 2093 667 2176 'Projani
681 2097 929 2175 persequuntur,
945 2100 1055 2158 eastra
1069 2115 1194 2179 oppug-

54 2243 56 2249 .
110 2200 202 2273 nant,
215 2216 320 2276 naves
334 2197 524 2272 incendunt,
539 2195 649 2259 cuncti
671 2193 925 2275 impressionem
941 2195 1077 2274 faciunt,
1091 2198 1195 2280 turpi-

111 2299 161 2356 ter
174 2293 297 2360 Achivi
311 2303 401 2378 terga
415 2303 558 2373 vertunt,
571 2297 604 2360 in
619 2304 729 2360 eastra
745 2294 942 2376 confugiunt.
975 2295 1099 2362 Achilli
1112 2317 1198 2361 nun·

111 2393 231 2458 tiatnm
253 2403 326 2461 est:
357 2397 553 2461 dissimulat.
596 2395 688 2481 Ajax
709 2394 926 2460 Telamonius
949 2395 1125 2463 fortissime
1139 2398 1196 2480 de7

111 2493 236 2561 tendit:
248 2495 261 2533 s
275 2517 344 2563 nox
359 2499 511 2582 praelium
522 2498 654 2578 dirimit.
697 2496 813 2578 Argivi
828 2496 992 2561 incastris
1004 2497 1197 2562 Palamedis

113 2597 301 2674 scientiam,
317 2602 519 2679 aequitatem,
531 2600 728 2670 honitatem,
744 2597 950 2657 clementiam
962 2597 1195 2655 lamentantur.

111 2695 197 2779 [29.]
211 2696 348 2776 Trojani
362 2696 586 2775 Sarpedonem
601 2702 636 2754 et
652 2690 866 2768 Deiphobum
880 2687 1011 2748 deflent.
1055 2687 1195 2765 Nestor,

111 2797 170 2878 qui
185 2796 292 2878 major
307 2801 380 2858 erat
393 2800 482 2867 natu,
498 2795 598 2854 noctu
612 2788 715 2850 duces
735 2786 770 2846 in
784 2783 955 2846 consilium
971 2792 1101 2863 evocat,
1117 2801 1195 2850 sua*

112 2897 183 2975 det,
193 2897 351 2970 hortatur,
362 2892 418 2958 nt⁶
430 2878 661 2974 imperatorem
672 2883 866 2970 praeficiant,
877 2892 911 2949 et
924 2888 954 2952 si
968 2887 1019 2951 eis
1028 2887 1192 2967 videatur,

144 3213 161 3256 6
181 3208 224 3257 Uti
236 3205 330 3270 Delph.

603 3345 708 3398 NO'Plli

129 3451 162 3516 *w
180 3485 269 3532 Eadem
280 3483 379 3533 Hecuba
395 3497 447 3546 qm
461 3495 514 3530 cum
529 3479 637 3542 Priamo]
676 3471 773 3520 dieunt.
802 3467 955 3521 Vide-Hom.
967 3469 1042 3520 llll.
1069 3464 1199 3530 Adiapnd

115 3557 224 3607 Hecuba
234 3571 307 3606 servo
320 3555 385 3607 dicit
399 3557 499 3619 eodem,
510 3571 567 3622 quae
578 3569 636 3606 cum
676 3549 785 3611 Dictyn.

114 3633 218 3681 Priamo
229 3640 328 3694 egerat.
707 3618 1201 3680 ²AlexanderPorissogittoecllmutrous·

146 3713 159 3738 ¹
178 3707 257 3770 Unde]
273 3707 305 3756 ld
316 3712 365 3762 est,
377 3721 465 3769 quare.
670 3699 743 3764 figit]
757 3697 890 3760 Nusquam
901 3693 963 3743 alibi
971 3689 1157 3754 legerepossis,
1167 3691 1199 3738 ab

146 3789 157 3824 r
177 3783 209 3830 Ee
220 3781 416 3844 cumulaturum]
438 3781 481 3830 Ab
491 3781 546 3829 aliis
558 3783 637 3831 omni.
677 3772 825 3823 Alexandro
846 3767 1010 3819 Palamedem
1032 3767 1201 3852 vulneratum,

115 3855 162 3904 bue
184 3856 304 3917 discedit,
322 3857 365 3922 qui
387 3855 502 3906 scribunt
523 3854 638 3917 Deiphe·
677 3855 706 3898 et
716 3846 809 3896 deinde
824 3845 863 3892 ita
879 3844 998 3928 occisum.
1030 3841 1082 3891 Sed
1098 3841 1131 3890 de
1147 3855 1201 3904 ejus

117 3931 177 3980 bum
188 3947 203 3980 a
214 3932 334 3982 Menelao
344 3933 466 3981 occisum.
491 3929 559 3979 Vide
569 3931 637 3993 apud
675 3929 768 3982 morte,
779 3919 836 3968 ride
847 3917 916 3981 apud
928 3918 1034 3978 Drctyn.

116 4009 223 4072 Dictys.
708 3997 720 4032 b
736 3995 801 4056 ellac
819 3992 965 4043 Telamonius
974 3990 1107 4051 fortissime
1121 3992 1200 4052 deser·

148 4083 280 4145 ‘Eumque
291 4082 429 4130 Palamedes
439 4077 565 4145 interfluit]
585 4078 638 4128 Sed
676 4073 725 4137 dit]
751 4075 791 4122 Ex
812 4072 925 4122 Homero
947 4076 974 4120 et
995 4071 1081 4136 Diety,
1103 4079 1201 4123 mutato

20 4141 22 4150 ’
117 4157 161 4205 alii
179 4170 267 4206 omnes
282 4169 340 4206 enm
360 4155 511 4206 ePntroclo
527 4154 637 4205 occisum
677 4161 910 4214 tantumtempora.
958 4179 960 4184 ,
