3036 4918
376 391 424 439 nn
446 390 628 438 nrrronrn
654 390 764 438 secur
788 393 964 444 cnossur.
1163 379 1208 445 29

113 535 175 598 sed
188 540 223 599 et
236 553 282 598 ex
297 534 383 611 aliis,
397 540 432 597 et
446 534 594 598 maxime
609 553 652 597 ex
669 533 818 617 Sisypho
841 534 926 612 Coo,
942 539 1102 618 scriptore
1117 537 1207 622 ejus·

113 635 190 697 dem
204 635 321 699 farinae
337 642 369 699 et
380 643 483 712 notae,
500 654 600 717 quem
615 636 784 700 finxerunt
798 631 920 700 Teucri
934 639 970 700 in
988 639 1055 702 ista
1069 640 1207 721 expedi·

113 735 205 800 tione
229 737 334 800 fuisse
349 737 524 812 Comitem,
539 743 575 799 et
599 745 674 800 ante
698 737 883 800 Homerum
905 738 1021 800 itidem
1044 740 1206 822 Trojanas

112 854 169 898 res
186 839 371 918 posteritati
384 838 585 919 prodidisse.
629 838 719 901 Vide
742 837 859 901 Malel.
881 857 958 920 pag.
977 840 1050 903 167.
1076 846 1111 903 et
1133 841 1206 906 168.

114 936 199 1000 Inde
215 957 291 1020 ergo
307 939 423 1003 habuit
436 937 583 1002 Mulelas
598 938 800 1002 hauddubie
815 957 924 1020 pauca
939 939 1007 1012 illa,
1019 959 1096 1022 qnae
1113 940 1208 1004 aliter

111 1057 155 1101 ac
172 1039 354 1120 Septimius
374 1059 419 1102 ex
445 1059 508 1102 sna
532 1035 674 1122 Dictyos
699 1033 918 1123 Ephemeride
939 1040 1047 1104 refert.
1090 1041 1208 1106 Taceo

112 1141 224 1216 enam,
240 1140 438 1223 Septimium
459 1141 594 1202 liberius
616 1141 650 1203 in
672 1140 830 1205 vertendo
852 1141 972 1222 egisse,
987 1160 1029 1205 ac
1047 1143 1208 1206 modoin-

24 1259 26 1264 ’
51 1267 52 1270 “
112 1242 259 1306 dulsissc
275 1242 418 1306 orationi
434 1243 466 1304 in
481 1244 583 1305 rebus
607 1241 759 1305 disertius
773 1240 1007 1322 explanandis,
1023 1242 1123 1306 modo
1136 1261 1209 1306 nar·

112 1343 273 1406 rationem
296 1363 405 1406 rerum
426 1345 647 1420 contraxisse,
664 1342 826 1406 Mulelam
851 1361 944 1418 vero,
966 1350 1005 1405 nt
1021 1343 1209 1424 saepissime

111 1444 148 1506 in
162 1445 240 1507 aliis
254 1445 338 1508 facit
351 1444 510 1519 historiis,
527 1443 628 1506 etiam
643 1443 697 1506 hic
713 1442 804 1506 hand
819 1441 930 1518 dubie,
941 1443 1111 1508 memoriae
1125 1443 1208 1508 uitio

111 1549 173 1607 aut
186 1545 363 1628 imperitiae
379 1545 492 1625 culpa,
508 1545 634 1625 saepius
657 1562 805 1622 errasse3
827 1541 975 1624 denique
991 1562 1084 1625 saepe
1106 1543 1208 1608 etiam

111 1646 284 1726 utriusque
300 1644 452 1708 librarios
467 1662 578 1707 avere
589 1650 624 1706 et
642 1645 784 1725 genuino
799 1643 907 1723 ipsios
922 1645 1070 1708 auctoris
1085 1643 1211 1712 deflex-

110 1747 193 1809 isse.
239 1744 317 1822 Quo
339 1743 458 1819 refero,
482 1745 626 1808 incertus
649 1751 772 1819 tamen,
794 1749 900 1805 utrum
924 1743 968 1806 ad
989 1743 1209 1821 librariorum,

110 1865 155 1907 an
172 1847 288 1927 potius
307 1845 440 1907 Malelae
461 1844 567 1926 ipsius
582 1843 729 1925 culpam,
745 1841 836 1925 quod
858 1843 891 1904 in
911 1843 1014 1906 modo
1029 1847 1211 1906 memorata

109 1943 257 2007 historia
272 1945 408 2007 alterum
419 1944 547 2008 illamm
563 1945 712 2008 Menelai
727 1943 884 2020 affinium,
899 1962 966 2006 non
989 1947 1000 1978 ‘
1009 1941 1211 2026 Clymenen,’

111 2053 150 2109 nt
172 2045 255 2107 facit
277 2043 461 2119 Homerus,
474 2043 631 2120 Ovidius,
652 2051 686 2107 et
700 2044 886 2125 Septimius
898 2050 1021 2122 nostor,
1035 2044 1096 2107 sed
1112 2042 1211 2128 ‘Cly-

111 2143 365 2210 taemnestram'
387 2163 518 2226 semper
533 2151 640 2208 vocet.
682 2141 827 2208 Accedit
839 2145 903 2222 his,
913 2137 1007 2227 'quod
1023 2150 1056 2208 et
1066 2145 1211 2210 Mulelas

111 2265 181 2331 non
191 2246 404 2329 descripserit
415 2245 515 2326 plane
531 2233 737 2326 Dictyi1,sed
749 2262 878 2308 summa
892 2244 1006 2308 itidem
1023 2263 1097 2307 cum
1112 2244 1212 2307 liber·

111 2352 186 2410 tate
200 2365 244 2408 ex
258 2347 417 2409 memoria
429 2347 562 2426 longius
584 2353 645 2408 aut
659 2346 794 2408 brevius
817 2346 888 2408 suis
912 2344 1023 2409 verbis
1036 2364 1091 2408 res
1113 2363 1155 2408 ex
1170 2363 1211 2407 eo

114 2447 268 2526 singulas
288 2448 502 2528 expresserit,
523 2452 559 2509 ut
578 2445 686 2528 liquet
708 2465 753 2509 ex
780 2451 830 2509 tot
851 2445 1000 2509 barbaris
1023 2445 1209 2521 vocabulis,

113 2547 216 2610 sicuti
232 2547 355 2627 passim
380 2548 472 2624 alibi,
488 2549 537 2610 ita
563 2548 597 2609 in
620 2547 683 2612 hac
705 2565 839 2628 quoque
859 2546 1001 2610 historia
1023 2547 1112 2628 apud
1134 2565 1209 2610 eum

113 2649 377 2710 occurrentibus
422 2647 541 2708 Veluti
557 2643 684 2706 toenitae
698 2643 948 2726 κουβικουλαρίων,
963 2647 1038 2708 119.
1060 2644 1211 2727 aperieiur

113 2750 164 2822 τὴν
184 2745 298 2830 χώραν,
313 2745 389 2807 126.
412 2745 438 2804 ἐν
460 2746 503 2824 τῷ
526 2740 583 2823 ἰδίῳ
605 2749 776 2816 aasentias,
800 2743 874 2804 127.
894 2741 954 2802 itm
973 2740 1115 2819 μανδᾶτα,
1137 2743 1211 2804 136.

113 2855 150 2914 et
165 2849 246 2922 alia,
266 2865 344 2928 quae
360 2844 565 2908 alienissima
581 2850 657 2908 sunt
672 2862 693 2907 a
711 2842 835 2907 Graeco
852 2841 1013 2925 temporis
1030 2841 1212 2906 Neroniani

115 2948 294 3029 scriptore.

161 3063 251 3110 xrrr.
274 3043 378 3110 Aliud
402 3063 481 3108 vero
503 3045 580 3108 huic
604 3043 776 3108 sententiae
799 3043 962 3125 opposuit
976 3042 1040 3106 Vir
1056 3042 1210 3110 doctissi-

117 3167 203 3222 mos,
218 3146 293 3211 Jos.
312 3147 494 3221 Mercerus,
517 3152 553 3207 et
574 3163 651 3226 qnae
675 3162 753 3206 eum
782 3144 943 3225 sequitur,
974 3139 1073 3203 Anna
1096 3141 1211 3222 Fabri,
1316 3203 1324 3212 ,

118 3250 287 3312 credentes
310 3247 446 3329 pariter,
462 3245 587 3327 Dictyn
609 3244 714 3319 illum,
737 3243 858 3325 ‘cnjus
874 3243 1002 3306 mentio
1021 3239 1112 3322 apud
1134 3241 1212 3305 Sui-

118 3351 195 3414 dam
224 3356 258 3411 et
285 3347 440 3422 Tzetzen,
465 3347 567 3410 alium
588 3363 664 3408 esse
686 3363 707 3408 a
731 3341 869 3420 Nostro,
896 3343 977 3426 quia
998 3343 1088 3423 apud
1117 3345 1210 3409 illum

120 3449 267 3525 OEnone,
284 3449 397 3512 audita
412 3453 516 3510 morte
530 3446 679 3522 Paridis,
695 3445 875 3528 suspendio
897 3447 1044 3526 seipsam
1066 3447 1210 3509 sustule-

119 3551 172 3638 rit,
201 3571 278 3633 quae
307 3549 396 3631 apud
424 3548 582 3612 Nostrum
601 3563 650 3610 ru.
673 3547 727 3610 21.
753 3565 812 3628 per
837 3564 1011 3609 moerorem
1039 3543 1210 3610 deficiente

121 3653 231 3714 animo
244 3649 451 3715 conciderit.¹
478 3648 681 3732 Respiciunt
691 3648 801 3712 locum
809 3641 944 3709 Tzetzis
960 3645 1003 3710 ad
1017 3643 1211 3729 Lycophro-

121 3771 210 3827 nem,
225 3751 278 3813 61.
291 3753 347 3815 ubi
360 3752 480 3815 dicitur
494 3749 639 3825 OEnone,
649 3769 724 3814 oum
734 3746 1005 3829 deprehendisset
1020 3748 1030 3778 ‘
1044 3749 1211 3807 mortuum

116 3850 188 3931 jam
212 3849 324 3929 Parin,
346 3873 382 3916 se
411 3853 519 3932 ipsam
543 3849 734 3924 sustulisse,
748 3847 804 3911 vel
828 3843 1009 3908 secundum
1031 3840 1212 3917 Gointum,'

121 3957 233 4033 (quem
250 3951 416 4031 aQuinto
427 3951 570 4014 Calabro
585 3956 743 4030 tanquam
759 3947 922 4008 diversum
939 3941 1026 4005 malo
1039 3939 1212 4019 distinguit

124 4051 232 4130 Anna,
244 4059 362 4118 notans
374 4052 417 4117 ad
429 4069 478 4114 ιν.
487 4051 540 4115 21.
563 4054 573 4084 ‘
587 4047 742 4112 (lointum
755 4049 888 4108 secutus
901 4040 945 4118 Q.
957 4038 1120 4115 Calaber:
1135 4058 1210 4104 curn

125 4171 208 4216 unns
231 4153 388 4236 idemque
412 4152 523 4228 faerit,
554 4149 596 4212 do
624 4163 692 4230 qno
714 4146 813 4209 velim
843 4141 957 4207 videas
982 4158 1060 4224 quae
1084 4145 1212 4206 notarit
