3028 4900
320 373 322 380 y
389 296 580 346 unumne
604 295 775 346 rnornno
799 299 871 382 nra.
894 301 920 348 r.
1137 289 1199 355 ·99

109 457 213 524 quam
228 421 363 506 Cretam
377 440 505 504 nuntius
523 440 625 516 venit,
640 448 675 503 et
688 446 830 520 cuncta,³
852 463 926 523 quae
943 443 985 507 ab
1000 443 1196 510 Alexandro

110 539 274 607 adversus
301 539 431 602 domum
453 539 599 604 Menelai
628 543 806 606 commissa
831 550 937 624 erant,
967 546 1105 626 apernit,
1136 567 1197 630 per

15 651 16 670 ³
111 659 241 704 omnem
255 641 410 719 insulam,
435 643 523 705 sicut
542 644 574 706 in
590 643 650 706 tuli
663 663 697 706 re
713 643 785 707 lieri
799 645 917 720 amat,t
933 644 1023 708 fama
1037 647 1070 707 in
1091 646 1197 728 majus

109 739 315 822 divulgatur:
337 748 559 824 expugnatam
575 745 700 826 quippe
720 744 855 808 domum
870 745 967 826 regis,
979 764 1196 828 eversumque

107 857 252 920 regnum,
275 848 309 906 et
323 843 390 904 alia
405 843 441 904 in
456 843 558 906 talem
576 843 708 910 modum
734 844 854 925 singuli
876 843 1099 908 disserebant.
1138 844 1198 925 [4.]

109 937 244 1016 Quibus
260 941 403 1022 cognitis
416 941 603 1018 Menelaus,
617 944 680 1007 etsi
693 944 872 1008 abstractio
887 944 1040 1026 conjugis
1052 945 1199 1008 animum

15 1121 16 1124 Ἴ
89 1047 323 1131 &permoverat
353 1042 458 1106 multo
483 1043 628 1124 amplius
654 1041 763 1107 tamen
790 1045 834 1108 ob
860 1044 1016 1128 injuriam
1041 1043 1198 1124 affinium,

25 1205 27 1209 ,
107 1159 192 1223 quas
215 1157 315 1223 supra
332 1142 600 1219 memoravimus,
624 1144 903 1208 consternabatur.
945 1141 995 1208 At
1016 1145 1074 1208 ubi
1096 1146 1198 1234 auim-

107 1240 251 1306 advertit
270 1241 482 1318 Palamedes,
497 1251 619 1322 'regem
641 1243 691 1305 ira
713 1250 815 1326 atque
837 1243 1061 1326 indignatione
1084 1251 1199 1328 stupe-

105 1343 245 1421 factum,
271 1343 413 1406 consilio
436 1343 616 1422 excidisse,
638 1344 712 1426 ipse
728 1363 830 1409 naves
852 1352 960 1427 parat,
985 1353 1086 1430 atque
1108 1351 1198 1412 omni

106 1443 320 1508 instrumento
335 1444 541 1526 compositas
557 1450 651 1508 terrae
674 1445 832 1528 applicat·
878 1446 965 1510 Dein
978 1465 1039 1529 pro
1051 1452 1196 1530 tempore

15 1549 16 1572 ¹
105 1564 213 1628 regem
228 1547 371 1610 breviter
386 1545 592 1620 consolatus,
607 1546 729 1630 positis
744 1546 843 1610 etiam
854 1565 897 1608 ex
912 1543 1104 1624 divisione,h
1119 1569 1197 1632 quae

15 1659 16 1710 l
106 1647 140 1709 in
157 1646 219 1710 tali
229 1647 362 1728 negotio
372 1647 590 1728 patiebatur,4
602 1665 720 1710 navem
733 1646 914 1710 ascendere
923 1647 1023 1710 lacit:
1037 1651 1138 1729 atque
1151 1649 1199 1712 ita

106 1747 218 1810 ventis
233 1765 278 1810 ex
301 1747 465 1812 sententia
487 1746 654 1824 flantibus,
675 1748 795 1830 paucis
815 1746 936 1811 diebus
956 1747 1110 1830 Spartam
1126 1767 1200 1828 por·

105 1837 237 1911 uenere.
280 1847 333 1910 Eo
345 1847 418 1931 jam
431 1847 658 1930 Agamemnon
674 1852 709 1910 et
723 1847 858 1923 Nestor,
873 1864 1056 1931 omnesque
1071 1845 1143 1929 qui¹
1156 1865 1200 1912 ex

15 1977 17 2028 1
106 1949 231 2030 origine
248 1949 386 2032 Pelopis
409 1951 444 2012 in
466 1948 601 2011 Graecia
624 1949 813 2027 regnabant,
837 1946 976 2029 cognitis
998 1948 1097 2031 rebus
1120 1969 1200 2014 con·

15 2051 16 2054 ’
105 2049 283 2114 fluxerant.
327 2049 436 2129 Igitur
458 2053 635 2130 postquam
661 2046 851 2110 Menelaum
877 2048 1054 2113 advenisse
1077 2049 1200 2126 sciunt,

105 2168 223 2212 omnes
243 2151 278 2212 in
300 2169 402 2212 unum
427 2145 560 2210 coeunt.
596 2145 639 2208 Et
661 2165 847 2228 quanquam
871 2148 1031 2211 atrocitas
1052 2148 1135 2211 sacti
1158 2145 1201 2210 ad

96 2248 379 2327 indignationem,
412 2248 588 2330 altumque
622 2243 788 2328 injuriask
820 2247 981 2328 rapiebat,
1014 2253 1125 2309 tamen
1153 2265 1199 2309 ex

103 2344 246 2410 consilii
270 2349 430 2422 sententia
449 2349 602 2428 legantur
622 2347 716 2438 prins
740 2346 783 2410 ad
806 2343 963 2431 Trojam¹
989 2347 1198 2426 Palamedes,

562 2526 742 2552 ”novemve

103 2643 221 2708 qam—4
236 2638 331 2700 Delplr.
342 2638 426 2698 quibas
436 2669 442 2685 .
452 2667 459 2684 .
468 2657 475 2682 .-
483 2633 633 2698 potiebuet'ar
643 2635 765 2700 vinding.
774 2634 991 2696 preconia-r
1010 2601 1104 2700 Delpb.
1118 2638 1200 2702 ὕψι.

606 2809 713 2862 NOTAE

141 2906 537 2969 'Obneceesiladinemcarnllel.]
553 2907 637 2970 Supra
677 2922 736 2957 nem
763 2907 911 2972 injuriarum
937 2908 1067 2974 rapiebat.
1100 2911 1199 2962 Tamen

106 3006 142 3040 ex
164 2987 272 3050 Hygino
293 2983 401 3032 vidimus
420 2997 464 3032 eae
482 2983 590 3032 Helena
608 2982 635 3032 in
676 2983 799 3046 ejusmodi
815 2986 934 3051 exempla
946 2986 1059 3048 reperias
1073 2986 1141 3050 apud
1153 2989 1198 3039 ba.

16 3121 17 3124 Ἴ
114 3065 267 3115 cerritdtem
299 3075 315 3108 a
337 3059 445 3107 Castore
473 3063 501 3106 et
529 3057 635 3106 Polluce
675 3070 722 3106 noa
733 3064 860 3111 auctores,
875 3058 920 3107 red
938 3072 995 3122 qua
1006 3059 1084 3107 nolim
1103 3064 1197 3124 rapina

75 3132 77 3138 ’
110 3141 184 3190 datas
206 3135 297 3186 fuisse.
329 3133 403 3182 Idem
422 3131 594 3200 Apollodorus
603 3132 635 3180 de
673 3131 779 3181 imitari.

111 3217 209 3266 AEthra.
409 3245 416 3251 -
705 3204 713 3238 ¹
723 3206 846 3266 mgnum
854 3205 959 3269 priueod
969 3206 1075 3272 lbojom]
1091 3208 1197 3260 Certum

141 3299 153 3334 ⁸
165 3287 238 3342 Fieri
244 3287 320 3349 emat]
338 3285 379 3334 lta
388 3283 414 3332 in
423 3285 487 3338 Mat.
498 3284 568 3332 Male
575 3297 635 3332 cor·
675 3287 715 3334 est
724 3286 1065 3348 etPalamedem,Ulycaem,
1072 3293 1100 3336 et
1107 3289 1197 3338 Mene·

112 3377 227 3418 rectores
244 3363 383 3414 ediderunt
400 3359 496 3410 ‘solet'
521 3361 528 3388 ‘
541 3356 634 3408 Amet'
673 3363 742 3412 lenm
753 3362 785 3411 ad
796 3361 900 3424 Trojnrn
912 3362 1021 3424 legator,
1032 3363 1126 3416 sedhic
1135 3365 1197 3415 Dic·

112 3435 412 3506 eleganterdicitnrzric
426 3435 523 3484 oracta
534 3436 606 3495 φιλεῖ.
675 3444 714 3502 tyr
737 3437 839 3488 videtur
860 3437 966 3487 innitere
991 3439 1112 3502 Ulyssem
1138 3457 1196 3492 cum

142 3517 154 3550 ¹¹
165 3515 256 3566 Positis
265 3515 337 3563 etium
347 3526 378 3562 ec
388 3509 513 3572 divisione]
529 3511 635 3570 Potitia,
673 3512 728 3562 aliie
735 3513 855 3577 Spartam
864 3514 1023 3575 convenisse,
1031 3515 1098 3577 qnod
1106 3513 1197 3564 falsum

112 3595 138 3643 in
151 3605 227 3642 naves
243 3589 351 3640 scilicet.
389 3586 471 3650 Agant
488 3585 575 3647 cierge
593 3599 636 3633 aar
675 3595 731 3637 eat:
754 3601 813 3636 nam
830 3587 958 3637 Homerus
975 3594 1003 3636 et
1019 3588 1063 3637 alii
1079 3595 1198 3638 auctores

111 3668 285 3718 terminemus.
617 3666 624 3678 ¹
675 3662 780 3711 tradunt
789 3661 1006 3726 Agamemnonem
1014 3662 1196 3712 etMeoelaum

107 3760 109 3765 ·
144 3743 291 3804 manuque
305 3738 358 3802 qui]
375 3739 415 3788 De
432 3736 535 3800 regibus
554 3735 634 3786 nent·
676 3737 702 3786 in
722 3738 828 3785 insulam
845 3735 961 3784 Ithacam
977 3734 1009 3784 ed
1023 3735 1142 3798 Ulyssem
1155 3751 1198 3786 ve·

17 3793 18 3810 ³
114 3831 219 3868 vorum:
234 3815 295 3864 ride
306 3812 403 3877 Hygia.
538 3840 542 3852 ·
673 3810 753 3870 nisse,
763 3817 792 3859 ut
803 3823 860 3859 eum
872 3809 920 3865 eibi
931 3809 1030 3858 mititte
1041 3811 1197 3860 auaerocium

109 3949 112 3956 ,
143 3886 416 3954 ktlltnrrrqneintortae]
432 3887 635 3934 Phrasinmuta·
675 3887 838 3935 asciscerent.
870 3883 1198 3948 IdenmrecruaretUl'ye·

115 3969 161 4031 rit,
188 3967 310 4032 rapiebat
328 3965 360 4014 nd
384 3961 588 4024 indignationem
609 3966 637 4009 et
676 3959 860 4020 conlocantem
876 3959 996 4007 rimulam
1013 3958 1142 4022 talemque
1158 3975 1198 4011 se-

115 4043 231 4107 rapiebat
242 4044 325 4093 ultum
344 4039 465 4102 injuriet:
483 4037 528 4085 red
548 4035 637 4086 melior
677 4047 810 4098 renseqno
818 4040 845 4084 et
854 4033 919 4082 bore
926 4032 958 4080 ad
971 4037 1083 4080 aratrum
1088 4034 1198 4101 junctis,

114 4119 230 4186 dixisset,
241 4119 285 4170 Ad
303 4115 504 4180 indignationem
521 4119 548 4166 et
563 4111 639 4160 ultio·
678 4107 829 4159 Palamedes
857 4107 882 4156 ei
905 4106 1085 4159 Telemachum
1117 4109 1196 4162 lilium
