3036 4918
345 293 389 360 ao
600 307 680 358 rac.
703 305 897 358 rauranum
923 307 1170 362 nrssnaranro

346 449 413 514 sit:
452 447 566 512 Kailrd
588 447 705 512 uetera·
727 449 774 514 ris
790 449 935 538 'Apim
956 453 1022 532 oliv,
1043 449 1143 528 οὕτως
1164 451 1272 539 bbere
1293 457 1422 540 istm

345 547 436 622 Atra,
449 547 585 626 βασιλεὺς
598 553 613 612 d
632 549 760 628 Ἑκάβης
773 553 879 636 πατὴρ,
902 553 935 616 lx
953 556 1003 616 τοῦ
1017 549 1112 638 γόνους
1132 553 1160 618 di
1181 558 1232 616 rad
1248 551 1326 618 Atra
1340 557 1388 620 rud
1407 565 1421 632 i

344 649 422 727 Λήδα
436 649 531 736 imo
545 649 624 716 riva.
669 651 822 717 Maxima
836 653 873 716 in
886 653 951 730 his,
965 661 998 718 et
1010 653 1111 744 farma
1124 653 1279 732 dixerim,
1292 656 1421 736 inscita,

344 750 552 834 antiquorum
567 749 737 814 hominum
746 757 781 814 et
793 751 1150 832 fabularumeonlnsio,
1160 755 1220 820 sed
1233 773 1311 838 qnte
1322 775 1423 839 quan·

342 859 377 918 to
391 851 508 934 major,
521 857 554 916 et
564 857 690 932 quanto
704 851 810 932 magis
823 858 877 914 ast
891 853 1081 934 singularis,
1089 859 1182 920 tauto
1197 857 1317 922 certius
1326 858 1422 922 nohis

341 954 471 1038 preehet
492 956 725 1033 argumentum,
748 971 824 1016 vere
845 951 1008 1018 Malalam
1029 963 1062 1018 et
1082 954 1280 1038 Septimium
1303 959 1423 1041 pariter
1509 1022 1510 1050 ¹

340 1073 385 1120 ex
407 1051 526 1122 eodem
547 1051 651 1121 fonte,
671 1050 734 1116 hoc
756 1057 820 1129 est,
840 1071 884 1118 ex
907 1051 1030 1120 Graeco
1045 1053 1181 1139 Dictye,
1196 1057 1287 1138 qaod
1309 1065 1344 1124 et
1358 1061 1421 1143 ipsi
1508 1053 1511 1129 ζ

340 1155 497 1230 latentur,
527 1171 588 1217 sua
615 1151 776 1217 hausisse.
828 1153 960 1219 Etenim
988 1153 1157 1238 Agenores
1182 1157 1275 1222 fuere
1302 1161 1421 1242 plures,

339 1275 458 1340 nempe
473 1251 632 1318 Sidonius
646 1251 715 1330 ille,
729 1259 826 1336 pater
841 1255 1014 1320 Phoenicis
1026 1261 1060 1321 et
1074 1256 1205 1336 Cadmi,
1218 1259 1304 1324 alius
1326 1269 1422 1342 pater

341 1357 460 1420 Phinei
481 1355 630 1430 Thracis,
643 1353 733 1418 illius
755 1354 799 1418 ah
823 1355 989 1438 Harpyiis
1011 1359 1137 1434 vaxati,
1154 1358 1197 1423 de
1220 1379 1286 1441 quo
1309 1359 1422 1426 Valer.

340 1455 496 1533 Flaccus,
525 1451 647 1535 Argon.
675 1469 724 1516 tv.
750 1455 825 1520 444.
867 1455 972 1520 ‘Non
994 1477 1056 1540 ego
1082 1477 1169 1523 nune
1190 1475 1310 1542 magno
1332 1461 1422 1544 quod
1510 1505 1511 1534 ,

340 1563 450 1622 cretus
465 1555 619 1636 Agenore
635 1553 802 1631 Phineus:
821 1556 950 1622 scilicet
965 1563 1227 1624 commemorem.
1271 1561 1421 1645 Denique
1508 1547 1511 1607 ἶ

338 1677 424 1724 arus
449 1656 563 1732 ledae,
584 1653 716 1718 Thestii
730 1654 839 1720 AEtoli
861 1663 966 1740 pater.
1010 1659 1087 1724 Hos
1111 1679 1240 1736 omnes,
1260 1667 1360 1726 aetete
1389 1669 1423 1726 et
1507 1628 1510 1707 d

337 1761 448 1844 patria
471 1757 551 1822 licet
576 1755 739 1833 diversus,
755 1756 788 1818 in
811 1775 910 1824 unum
937 1759 1110 1825 Sidonium
1130 1760 1269 1826 contulit
1290 1761 1420 1846 Dictys,
1506 1732 1510 1899 ἐ

336 1861 415 1924 dum
441 1858 484 1923 ad
504 1859 596 1922 illum
620 1855 716 1922 refert
737 1858 893 1938 originem
916 1859 1018 1926 Lede
1041 1866 1074 1925 et
1089 1860 1261 1945 Heenhae:
1283 1867 1318 1924 et
1332 1879 1422 1942 prm-
1508 1904 1509 1942 ,

335 1963 427 2022 terea
453 1977 552 2039 quem
578 1956 739 2038 Agenoris
761 1957 865 2022 lilium
891 1960 947 2026 hio
971 1958 1198 2026 ‘Puoemeem’
1224 1960 1315 2036 dicit,
1341 1977 1420 2024 eum

335 2060 412 2124 dein
429 2075 483 2122 111.
497 2061 528 2122 5.
551 2065 586 2122 et
609 2057 733 2122 tlh-22.
754 2057 960 2124 ‘Phineum'
976 2061 1133 2144 appellnt,
1153 2057 1302 2142 facitque
1323 2078 1421 2124 soce·
1507 2089 1508 2152 3

333 2181 405 2226 rum
420 2159 582 2234 Dardani,
606 2157 693 2222 unde
717 2177 813 2238 reges
830 2159 979 2242 Troiani,
1004 2167 1038 2224 et
1059 2163 1134 2240 ipse
1156 2159 1295 2241 Dymas,
1321 2168 1420 2242 pater
1507 2159 1508 2188 ³

334 2261 499 2324 Hecubae.
544 2257 701 2320 Ceterum
716 2275 760 2319 ex
775 2255 904 2320 Malela
918 2263 1021 2339 patet,
1036 2258 1115 2320 nihil
1136 2257 1192 2320 hic
1206 2257 1239 2320 in
1253 2259 1423 2340 Septimio
1508 2261 1509 2270 ’

331 2361 387 2424 vel
415 2358 535 2440 Dictys
560 2353 762 2418 mutandum.
806 2355 874 2418 Sed
896 2363 931 2420 et
956 2357 1135 2437 posteriora
1167 2356 1316 2435 Malelna,
1340 2381 1428 2442 quae,

327 2455 451 2524 tentari
465 2455 562 2522 video
589 2473 610 2516 a
629 2451 825 2516 doctissimo
848 2452 922 2534 ejus
940 2453 1075 2529 editore,
1090 2455 1148 2535 qni
1173 2454 1276 2516 voluit
1297 2458 1347 2522 nai
1370 2464 1424 2538 τὴν

332 2557 434 2637 Λήδαν,
448 2557 531 2622 satis
550 2553 628 2618 mihi
643 2551 779 2636 quidem
792 2552 942 2620 uidentur
965 2553 1104 2633 integra.
1148 2552 1247 2634 Saepe
1260 2554 1347 2618 euim
1361 2559 1421 2626 hic

331 2659 495 2726 anctorin
515 2657 631 2722 eadem
654 2654 802 2718 oratione
823 2655 959 2720 modum
979 2653 1134 2736 loquendi
1156 2653 1295 2716 mutavit
1308 2674 1353 2722 ex
1369 2659 1421 2724 di-

328 2769 422 2825 recto
449 2760 484 2819 in
505 2757 707 2827 indirectum,
729 2773 772 2816 ex
793 2753 884 2818 linito
906 2755 940 2818 in
960 2754 1132 2820 infinitum.
1176 2752 1419 2836 Respiciantur

329 2857 430 2920 modo
444 2853 504 2916 illa
525 2852 614 2931 ipsa,
629 2869 706 2930 quae
727 2851 880 2928 proxime
893 2855 1064 2934 superiore
1084 2854 1296 2934 paragrapho
1318 2857 1416 2922 exhi·

245 3025 251 3044 ἱ
328 2954 474 3019 huimns.
516 2949 640 3012 Sensus
649 2965 728 3011 vero
741 2954 803 3022 est,
817 2947 943 3012 dixisse
954 2950 1118 3014 Helenam
1133 2951 1311 3034 haeoipsa:
1334 2956 1414 3020 ‘Ex

330 3073 444 3138 genere
459 3057 569 3118 antem
591 3046 732 3132 Dymee'
756 3045 850 3130 (nam
869 3037 994 3114 rectius'
1013 3052 1061 3116 ita
1081 3051 1263 3133 Septimius
1284 3061 1411 3135 noster,

328 3173 431 3238 quam
446 3151 592 3216 Malelas
605 3156 640 3212 et
655 3147 827 3212 Gedrcnus
851 3153 861 3183 ‘
873 3149 990 3233 Dymas
996 3149 1017 3228 ')
1033 3151 1158 3216 ‘etiam
1173 3152 1266 3216 Leda
1279 3173 1316 3218 se
1330 3174 1409 3221 esse

328 3251 481 3317 dicebat!
523 3251 629 3312 Plane
642 3257 682 3312 nt
695 3248 809 3313 eadem
823 3251 1005 3316 mutatione
1019 3251 1179 3334 loquendi
1194 3251 1364 3318 Gedreuus
1377 3256 1409 3316 ἐκ

327 3349 421 3437 γένους
432 3351 459 3413 δὲ
470 3348 611 3422 redddam,
627 3351 674 3412 καὶ
690 3350 767 3426 Λήδα
778 3351 838 3414 ἐστὶ
852 3351 942 3438 μήτηρ
955 3355 1043 3434 afilae),
1055 3353 1179 3420 linotet
1190 3355 1267 3418 istic
1283 3360 1408 3440 superi·
1510 3365 1511 3432 ζ

330 3473 456 3537 oraper
464 3451 625 3516 infinitum
634 3451 700 3514 sint
708 3451 873 3533 exposita.
897 3451 1120 3536 thjiciuntnr
1131 3453 1308 3518 hiscedeiu
1316 3457 1407 3540 apud

325 3555 410 3620 illos*
434 3571 561 3627 omues,
586 3551 759 3628 Malelam,·
773 3552 969 3630 Cedrenum,
999 3561 1032 3618 et
1050 3554 1261 3636 Septimium,
1279 3556 1412 3622 eaedem·

327 3656 467 3720 Helenae
482 3673 609 3738 preces,
631 3658 641 3688 ‘
658 3672 762 3730 orare,
776 3673 817 3716 ne
842 3672 984 3736 saonae
1009 3656 1110 3719 semel
1123 3656 1157 3718 in
1170 3654 1269 3720 fidem
1289 3675 1406 3740 eorum

325 3763 461 3839 recepta
473 3754 788 3838 esset‚prodendam
803 3761 970 3836 putarent3
992 3775 1032 3820 ea
1047 3775 1161 3820 secum
1175 3757 1274 3820 domo
1288 3755 1404 3820 Mene-

323 3860 380 3934 lai,
395 3877 473 3940 quse
486 3850 615 3940 propria
626 3856 777 3932 fuissent,
788 3855 867 3918 nihil
879 3861 1035 3936 presterea
1049 3857 1216 3922 ablatum!
1246 3855 1401 3932 MulelaS,

323 3957 421 4039 ᾔτησεν
435 3959 531 4030 αὐτοὺς
548 3956 700 4042 ὁρκώσασα
712 3959 750 4037 μὴ
765 3955 930 4040 προδοθῆναι,
944 3955 1130 4041 καὶ-λέγουσα
1152 3958 1233 4037 μηδὲν
1246 3964 1300 4020 τῶν
1314 3965 1401 4018 Meae·

324 4055 394 4118 λάου
409 4057 559 4138 εἰληφέναι,
573 4062 653 4121 ἀλλὰ
667 4055 708 4121 τοὶ
721 4055 777 4122 ἴδια
790 4055 865 4140 μόνα
879 4056 1068 4143 ἔλογινῧχιιν.
1097 4059 1205 4124 Hisce
1218 4058 1316 4124 dictis
1331 4059 1406 4122 Hes·
