3028 4900
355 324 404 370 nu
427 319 552 372 nunno·
570 319 743 372 rumino
764 325 837 374 nie.
860 323 904 374 rr.
1118 303 1176 376 161

90 461 277 528 futurorum
289 466 471 546 praescium
485 467 754 544 memoravimus,
766 468 815 534 uti
830 485 967 534 cuumm
988 469 1074 534 tenti
1096 468 1179 534 meli

94 563 264 628 ediceret8
293 565 358 630 Ille
371 567 456 630 enim
471 568 663 649 perspicere
679 585 716 632 se
725 564 760 618 ὀ
771 569 927 650 originem
940 568 1079 653 hujusce
1093 589 1184 634 mor·-

92 662 139 740 bi,
161 663 223 728 sed
237 664 325 730 hund
338 665 478 730 liberum
492 683 569 730 esee
583 666 742 750 cuiquem
758 667 890 750 eloqui:
912 687 959 734 ex
971 686 1037 752 quo
1050 669 1181 734 eccide-

90 767 152 839 ret,
162 765 231 830 uti¹
248 766 471 849 potentissimi
484 763 572 850 regis
584 768 797 832 contraheret
811 767 982 833 offensem.
1011 769 1097 834 Post
1103 787 1179 851 quae
1223 782 1225 791 ⁴

92 860 244 929 Achilles
265 884 357 948 reges
381 868 527 949 singulos
540 867 662 950 ‚adigit
686 873 722 931 ut
745 869 944 950 interpositu
966 867 1192 952 jurisjurandi.

91 965 252 1046 religione
267 966 509 1044 confirmarent,
523 981 734 1050 nequequam
745 987 782 1032 se
797 970 842 1032 ob
852 987 895 1034 οο
908 967 1059 1032 offendis
1101 963 1182 1032 Hoc

90 1065 192 1130 modo
215 1066 373 1144 Calchas,
400 1067 461 1130 nbi
484 1073 677 1132 cunetomm
702 1069 832 1132 culmos
853 1069 888 1132 in
910 1088 950 1134 se
978 1069 1181 1145 conciliavit,

91 1162 266 1248 Apollinis
292 1169 377 1231 irum
403 1168 609 1251 pronuntiet
660 1167 749 1230 Eum
774 1185 931 1248 nemque,
958 1171 1002 1233 nb
1027 1170 1183 1253 injurium

92 1267 282 1332 sacerdotis
300 1268 457 1328 infestum
471 1265 617 1341 Groecis,
639 1283 768 1346 ponnus·
785 1267 828 1326 eb
848 1267 996 1328 exercitu
1014 1273 1184 1346 expetere.

91 1365 185 1429 Dein
199 1364 409 1448 perquirente
425 1363 555 1428 Achille
569 1363 650 1429 muli
664 1361 855 1441 remedium,
867 1365 1107 1429 restitutionem
1121 1367 1186 1429 vir·

90 1464 212 1548 ginisl
248 1466 450 1549 pronuntiet.
502 1464 586 1547 [3l.]
619 1463 706 1529 Tum
736 1463 963 1546 Agamemnon
992 1465 1187 1549 conjectans

95 1565 186 1648 quod
210 1584 296 1629 mox*
307 1565 439 1643 eccidit,
455 1565 599 1630 concilio
620 1566 743 1630 tacitus
760 1580 925 1648 egressus,
942 1573 1084 1631 cunctos
1099 1582 1185 1650 qnos

97 1685 214 1730 seeum
223 1667 404 1730 debueret²
418 1667 453 1730 in
466 1667 567 1730 ermis
578 1685 654 1732 esse
664 1667 775 1749 jubet.
795 1666 837 1730 ld
849 1668 909 1730 ubi
918 1665 1068 1732 Achilles
1078 1669 1184 1731 euim·

94 1764 249 1842 aduertit,
265 1773 453 1830 commotus
474 1768 520 1830 rei
533 1766 777 1845 indignatione,
793 1765 893 1829 simul
908 1764 1053 1846 pernicie
1064 1767 1185 1830 defessi

61 1891 69 1906 ·
93 1866 407 1944 exercitusenxius,
418 1866 652 1931 defunctorum
663 1883 817 1947 corpora,
829 1864 1050 1928 miserandum
1065 1865 1100 1928 iu
1116 1883 1194 1944 mog

95 1965 176 2030 dum
191 1967 357 2044 confecta,
371 1967 519 2051 nudique
532 1968 567 2031 in
580 1985 684 2058 unum
699 1965 813 2047 colligi
822 1965 930 2048 jubet,
945 1973 1047 2049 etque
1061 1968 1095 2029 in
1110 1983 1187 2029 con·

56 2103 62 2114 -
95 2071 194 2131 ventu
209 2073 288 2132 aute
301 2085 361 2132 ore
374 2068 520 2132 omnium
534 2067 664 2150 projici.
695 2065 984 2148 Quospecteculo
998 2067 1084 2132 edec
1096 2085 1187 2130 com·

96 2168 180 2230 moti
195 2185 289 2248 reges
303 2172 482 2250 gentesque
494 2185 624 2244 omnes,
635 2167 687 2230 uti
699 2166 896 2252 adversum³
906 2163 1186 2248 Agamemnonem

97 2269 263 2332 conectis
277 2274 477 2351 pergeretur,
492 2267 578 2333 duce
593 2275 697 2352 utque
712 2270 846 2331 auclore
858 2264 1001 2344 Achille,
1012 2273 1059 2344 et,
1073 2265 1103 2330 si
1116 2283 1189 2348 per·

99 2373 213 2446 steret,
229 2365 411 2446 suadenter
425 2369 537 2433 exitio
547 2368 798 2434 vindicandum·
844 2366 933 2446 Quae
948 2365 1006 2431 ubi
1020 2367 1088 2449 regi
1103 2385 1188 2430 uun-

19 2493 20 2498 *
97 2467 206 2546 tiete,4
218 2469 401 2552 pertinenia
416 2470 532 2548 enimi,
547 2489 590 2534 en
606 2472 650 2535 ob
666 2487 808 2533 umorem
819 2469 978 2551 captivae,
993 2475 1114 2532 cuncto
1129 2485 1189 2530 ex·

97 2571 205 2632 neme
218 2576 310 2634 ratus
325 2570 481 2652 experiri,
492 2570 575 2634 nihil
587 2568 820 2634 remittendum
834 2567 876 2630 de
888 2568 1075 2630 senteutie⁵
1088 2565 1188 2628 desti-

98 2891 148 2937 ·-9
160 2885 255 2950 Delph.
265 2887 442 2950 pecuum-l
461 2885 556 2949 Delph.
567 2889 605 2943 ut,
614 2889 642 2933 et
653 2897 711 2934 mox
721 2883 816 2932 eti-2
833 2881 930 2946 Deiph.
939 2881 1077 2934 tatem-s
1095 2881 1192 2945 Delpi.

98 2953 271 3002 edeam—⁴
287 2950 352 3000 Post
361 2951 471 3002 memte
482 2950 575 3000 inserit
587 2948 679 3012 Delplr.
690 2951 802 2998 rud-t
820 2945 914 3010 Delplr.
932 2947 964 2995 de
977 2945 1094 2996 emutio
1111 2941 1192 2996 remil-

600 3123 706 3175 NOTAE

133 3235 196 3286 ‘ille
206 3236 269 3286 enim
276 3237 408 3302 perspicere
415 3237 452 3300 se]
465 3235 570 3294 Alelnet,
580 3234 628 3283 eci·
667 3229 756 3290 ἂφέξει,
775 3228 834 3290 ilpir
848 3227 872 3286 ‘r'
890 3223 937 3274 ert
949 3221 1019 3286 carpi
1029 3222 1091 3284 φίλῳ
1101 3222 1194 3284 δόμεναι

101 3314 173 3364 licor.
669 3303 795 3352 ἔλοκόπιδο
815 3300 899 3364 κούρην
913 3296 1051 3361 Ἀπριάτην,
1062 3296 1197 3358 ἀνάποινον,

132 3387 317 3451 sNeqrruqrrum
332 3401 358 3436 re
375 3383 404 3434 oi
419 3400 448 3435 eu
466 3381 567 3449 off'errdr]
585 3379 628 3431 Ob
668 3373 1137 3443 ὴεοθὶερὴνὲκοτόμβψἘοΧρύοην.
1153 3375 1196 3426 ld.

102 3476 135 3512 ee
145 3477 203 3526 quer
219 3461 333 3511 diuturne
349 3467 406 3510 erat
424 3459 542 3510 Celelrnr.
576 3455 630 3506 Alii
668 3455 780 3520 ‘Neque
794 3454 835 3504 hic
847 3453 915 3517 prinu
927 3466 942 3501 ι
953 3458 1026 3515 perte
1037 3465 1129 3514 greum
1139 3465 1193 3500 me·

101 3538 152 3589 ‘eb
168 3537 218 3594 eo,’
236 3537 263 3586 id
280 3546 329 3599 est,
343 3533 545 3587 ‘uenientum'
575 3530 628 3582 Sed
667 3540 715 3578 nur
737 3527 890 3590 continebit,
912 3540 987 3591 quem
1009 3526 1077 3589 petri
1099 3525 1193 3575 diiecto

101 3613 145 3663 nie
157 3611 300 3660 Homerum
307 3625 359 3660 nou
370 3612 501 3676 nequitum
512 3609 556 3674 qni
566 3607 629 3658 ecri-
664 3606 792 3658 reddetur
802 3604 914 3654 formose
925 3604 1012 3666 puelle
1019 3603 1127 3664 iuemte,
1137 3603 1193 3651 eine

102 3687 145 3737 bit
162 3684 328 3736 Culchentem
347 3683 381 3732 eb
398 3685 497 3744 Achille
515 3685 570 3732 eolo
586 3695 632 3747 pe·
665 3679 834 3729 redemtionis
854 3679 953 3742 pretio;
977 3683 1005 3727 et
1023 3676 1133 3726 duretur
1154 3691 1194 3726 re-

104 3761 187 3816 tiirre,
202 3764 234 3808 ut
246 3757 350 3822 juraret
364 3758 434 3806 illum
445 3759 494 3808 sibi
505 3765 533 3808 et
543 3758 631 3808 verbis
668 3767 714 3804 ere
722 3752 875 3802 hecatombe
886 3752 917 3802 ed
927 3749 1072 3815 Cirryrern.¹

106 3843 134 3886 et
145 3832 263 3884 menibus
274 3831 463 3881 auxiliaturum.
485 3831 562 3882 Quod
573 3843 631 3882 cum
698 3827 707 3862 ¹
723 3829 758 3877 Et
768 3829 791 3876 ei
803 3831 930 3890 perstaret,
942 3825 1062 3887 undem,
1072 3825 1126 3888 isc]
1147 3827 1192 3876 Se·

105 3909 212 3961 iecisset
221 3907 348 3969 Achilles,
365 3911 418 3955 tum
434 3904 534 3954 demum
546 3911 630 3954 retem
668 3904 721 3954 ries
736 3907 792 3951 ert:
810 3900 913 3950 Achille
924 3899 990 3948 duee
1001 3907 1029 3950 et
1040 3909 1154 3964 auctore,
1165 3909 1194 3950 et

21 3959 22 3996 l
107 3987 263 4048 eloquutnm.
415 4001 417 4006 ·
670 3977 796 4029 euadente
808 3976 888 4026 exitio
902 3975 1082 4026 vindicandum
1095 3987 1161 4041 erse,
1172 3979 1194 4028 si

141 4057 353 4108 nmmum
379 4052 493 4117 sigium]
524 4053 631 4105 Homer.
671 4054 848 4117 Agamemnon
860 4052 1169 4116 perstaret,.perrirteret.

21 4111 23 4150 l
109 4133 165 4182 Οὐδ’
181 4131 223 4194 ὅγε
245 4131 299 4197 πρὶν
323 4131 416 4192 λοιμοῖο
436 4129 532 4194 βορείου
550 4130 631 4192 χοῖρος

172 4212 261 4276 Detpt.
270 4217 294 4262 et
309 4212 367 4262 Vur.
378 4211 442 4260 Cloe.
573 4208 646 4260 Dict.
658 4209 723 4262 Cret.
1109 4206 1131 4258 1«
