3052 4900
327 331 392 398 ars
700 341 860 392 ornaris
887 341 1043 392 eunucu

325 493 438 562 staret,
453 484 659 550 eueuudum⁸
683 485 726 548 ad
749 485 885 568 'lbojam
908 485 992 548 clam
1018 487 1115 546 noctu
1140 499 1183 544 an
1199 481 1346 546 interdiu
1367 484 1415 546 io·

325 593 422 664 rato*
436 585 638 652 Palamedes
652 584 774 651 suadet
790 593 823 651 et
842 585 999 649 rationem
1014 583 1118 659 addit,
1130 583 1208 646 luce
1224 580 1269 646 ud
1282 583 1419 667 Trojarn

325 687 558 752 excensionem
587 685 658 751 lieri
685 691 849 770 oportere,
876 693 911 748 et
936 705 1068 749 manum
1094 683 1242 747 hostium
1266 683 1420 748 deduci.v

328 787 447 870 ltaque
462 805 576 852 omnes
596 789 628 852 ei
644 787 842 852 maeotium:
864 787 1020 850 consulto
1035 783 1320 868 Agamemnonem
1335 803 1419 866 prae-

227 931 238 952 0
326 883 454 952 ficiunt.
490 887 634 969 legatos
647 887 689 952 ad
704 887 860 970 Mysiam,
871 893 1066 968 ceterosque
1081 885 1200 959 locos,¹
1217 883 1364 961 mittunt,
1382 889 1418 946 ut
1436 897 1449 916 ’

326 987 487 1052 exercitui
508 995 714 1052 commeatus
735 986 985 1070 supportandos
1008 993 1137 1061 curent,
1158 983 1323 1048 Tbesidas
1348 985 1418 1047 De·

326 1087 574 1169 mopboontem,
590 1085 831 1163 Athamantem,
845 1096 879 1150 et
894 1087 1041 1150 linium.¹
1088 1085 1215 1149 Deinde
1228 1085 1415 1150 exercitum

327 1185 370 1250 ad
385 1187 575 1251 concionem
598 1194 774 1262 convocat,
794 1185 976 1262 collaudat,
992 1185 1144 1266 imperat,
1158 1185 1323 1248 hortatur:
1344 1203 1415 1246 mo·

326 1297 384 1352 net
394 1287 577 1370 diligenter,
588 1291 626 1351 ut
638 1286 731 1354 dicto
742 1287 933 1354 obedientes
946 1295 1069 1352 essent
1102 1285 1204 1366 Signo
1216 1285 1298 1350 dato
1311 1303 1416 1350 naves

326 1388 473 1465 solvunt,
484 1391 557 1453 tota
570 1387 691 1452 classis
705 1389 740 1452 in
754 1387 931 1452 latitudine
945 1385 1074 1452 aceedit
1086 1385 1130 1450 ad
1141 1385 1293 1469 Trojam,
1306 1385 1418 1450 littora

325 1486 465 1570 Trojani
487 1487 615 1552 sortiter
637 1487 828 1552 detendunt.
872 1486 1082 1552 Protesilaus
1103 1487 1138 1550 iu
1159 1494 1279 1550 terram
1295 1505 1418 1550 excen-

325 1585 454 1650 sionem
476 1585 569 1662 ieoit,
592 1586 695 1668 sugat,
720 1585 830 1652 credit.
875 1585 940 1650 Oui
966 1585 1094 1652 Hector
1115 1585 1251 1649 obviam
1266 1589 1367 1666 veuit,
1384 1594 1420 1650 et

324 1701 400 1746 euru
416 1683 602 1762 interiecit,l
626 1690 755 1750 ceteros
778 1688 1006 1768 perturbavit:
1028 1686 1115 1752 uode
1140 1686 1267 1751 Hector
1284 1687 1418 1751 recode-

323 1783 394 1860 bat,
424 1783 471 1848 ibi
498 1782 638 1867 Trojani
668 1785 876 1868 fugabantur.
935 1785 1120 1869 Postquam
1149 1806 1272 1868 magna
1302 1789 1417 1851 caedes

325 1885 491 1967 utrimque
505 1885 597 1952 lacta
610 1893 674 1966 est,
685 1887 823 1952 advenit
836 1888 1001 1953 Achilles:
1018 1889 1048 1951 is
1063 1893 1169 1951 totum
1184 1891 1366 1953 exercitum
1384 1891 1418 1952 in

323 1985 436 2066 lugam
447 1989 622 2062 convertit,
632 1987 823 2072 redegitque
833 1990 869 2052 in
883 1989 1034 2073 'frojam-
1074 1989 1157 2054 Nox
1171 1990 1325 2070 praelium
1339 1989 1419 2053 diri·

326 2085 397 2160 mit,
412 2083 641 2168 Agamemnon
661 2090 845 2154 exercitum
867 2091 901 2154 in
921 2095 1039 2154 terram
1054 2088 1180 2165 educit,
1196 2098 1309 2153 castra
1322 2089 1417 2152 facit.

326 2183 464 2250 Postera
484 2187 538 2252 die
560 2187 687 2254 Hector
707 2190 888 2256 exercitum
909 2209 951 2256 ex
969 2191 1051 2254 urbe
1067 2189 1190 2266 educit,
1215 2198 1250 2253 et
1273 2192 1418 2253 instruit.

326 2283 551 2368 Agamemnon
582 2297 694 2355 conua
726 2291 872 2357 clamore
900 2300 1041 2374 magno·
1071 2293 1230 2356 occurrit:
1264 2291 1416 2375 praelium

787 2467 968 2492 “oemunt

354 2595 370 2642 e
389 2593 498 2644 meme
510 2595 654 2659 cerua-o
670 2596 751 2646 urerer
764 2597 907 2661 naun-1
928 2597 1233 2661 coaequarentur.

822 2787 931 2840 Nom

356 2894 523 2943 'Emissa
541 2896 665 2960 [esesadr’]
695 2901 727 2947 cd
753 2898 847 2959 Mass
919 2897 1184 2960 'Etesatr'aterseet'q
1198 2897 1370 2948 Protesilaum
1383 2900 1419 2948 alr

323 2969 612 3018 casamentum
622 2971 710 3034 fleret]
736 2971 777 3021 lta
796 2972 846 3021 dir·
888 2965 1339 3036 Enseintlrt'ectumdieitllictys3
1356 2988 1415 3023 eum

325 3041 479 3106 tinguendas
496 3041 538 3094 bic
554 3044 640 3095 locus:
657 3045 768 3096 ‘deiude
788 3060 847 3096 curu
889 3050 956 3100 vide.

324 3115 847 3180 ArgiriaucucoastareteasundiadTro·
889 3139 894 3148 ’
919 3135 929 3160 ¹
946 3129 1104 3188 Agnoscam
1115 3119 1195 3174 mam
1207 3124 1414 3185 strumarum]

318 3193 444 3261 jamelam
455 3201 534 3244 noctu
542 3209 574 3245 au
582 3196 694 3246 interdiu
703 3197 795 3249 flerat!
811 3200 848 3249 Ut
888 3202 996 3266 lneptus
1008 3203 1119 3264 scriptor
1131 3199 1163 3248 de
1176 3197 1277 3249 Gracia
1288 3199 1330 3248 bic
1342 3199 1413 3261 dicit,

277 3275 280 3284 '
323 3269 528 3332 subintelligatur
543 3271 706 3330 ‘currilium’
725 3287 782 3325 curn
800 3275 847 3324 Ar·
888 3278 956 3342 quod
972 3279 1099 3328 Homerus
1113 3276 1147 3325 de
1163 3274 1294 3337 Trojauia.
1326 3275 1413 3337 Troja-

323 3346 389 3407 glria
397 3360 447 3395 nou
456 3352 587 3396 constaret
595 3349 727 3400 eonsilium
736 3353 848 3402 exeundi
888 3369 934 3404 noa
945 3356 1013 3404 eninr
1025 3353 1153 3403 Homerus
1165 3365 1222 3400 cum
1231 3352 1318 3398 souitu
1326 3359 1353 3399 et
1362 3351 1412 3398 cle·

323 3421 355 3470 sd
363 3420 475 3482 Troiam,
484 3429 595 3470 noctuae
604 3422 629 3470 id
642 3437 673 3472 an
685 3425 848 3477 interdiufle·
887 3445 957 3480 more
979 3431 1013 3479 ad
1039 3443 1152 3493 pugnam
1174 3426 1237 3476 dicit
1262 3427 1412 3489 procedere.

322 3497 430 3551 rendre.
464 3495 740 3559 Nihilaliodpoaaum.
885 3509 960 3568 gps„
978 3505 1023 3567 ptr
1042 3505 1143 3568 κλαγγῇ
1161 3501 1183 3550 r‘
1206 3501 1278 3566 ἐνοπῇ
1299 3502 1322 3550 r’
1350 3501 1413 3564 ἴσαν,

354 3577 370 3603 '
387 3571 739 3637 armantarmant]
764 3576 846 3640 Dicit,
886 3581 1022 3644 dpvrterdr.
1051 3580 1145 3630 ‘Trois
1158 3578 1261 3641 quidem
1273 3593 1332 3627 curn
1343 3580 1412 3627 clan-

323 3645 845 3714 opinor,bosteadiridendoaetreparau·
886 3671 948 3720 gore
970 3664 997 3706 et
1025 3656 1137 3706 clamore
1158 3651 1323 3714 incedebant,
1345 3655 1412 3702 aierit

323 3723 369 3770 dos
380 3733 446 3770 esse.
481 3721 634 3781 Qs'r'lsaltoit
644 3725 694 3772 tear
703 3725 772 3782 faire
779 3729 846 3788 seire
885 3731 963 3782 avea’
987 3731 1095 3781 Graecos
1106 3743 1166 3778 rere
1177 3741 1236 3778 cum
1247 3726 1357 3776 silentio.
1381 3727 1412 3774 ot

321 3797 439 3846 sendra
449 3814 459 3856 ς
471 3798 547 3847 immo
558 3799 845 3861 potiualrostesetioiea·
884 3805 949 3870 t'tp’
958 3807 1014 3856 tres
1024 3807 1086 3870 σιῃῖ
1094 3801 1167 3865 plns
1178 3801 1294 3851 mune
1308 3800 1410 3862 Ἀχαιαί.

208 3919 212 3928 .
321 3871 445 3922 donate·
480 3873 637 3934 Qs'tlsrtlott
652 3877 685 3926 les
699 3879 846 3931 adducere
887 3885 944 3934 ‘lili
963 3899 1023 3934 sero
1041 3883 1115 3932 ibant
1131 3893 1189 3930 enm
1209 3879 1307 3928 silentio
1329 3878 1410 3926 robur

321 3943 494 3998 Marmoreae.
807 3973 810 3980 ’
884 3961 1013 4024 spirantes
1029 3956 1139 4008 Achivi.‘
1171 3956 1208 4004 Et
1219 3954 1410 4006 Asiaticos-om·

353 4025 365 4050 ¹
381 4021 483 4083 Adara]
498 4023 541 4071 De
557 4024 624 4075 Anto
635 4028 693 4077 vide
704 4045 762 4093 qne
774 4033 845 4085 diota
884 4047 929 4083 ner
944 4034 971 4082 in
987 4033 1077 4100 pugnis
1088 4031 1199 4082 clamare
1210 4035 1339 4082 testantur
1360 4028 1409 4078 tris·

322 4098 382 4143 suut
392 4093 424 4141 ad
433 4095 542 4160 Dictys,
552 4107 668 4151 extremo
680 4104 724 4153 tib.
736 4118 756 4153 r.
886 4113 971 4162 tortor.
