3036 4918
190 306 196 316 ’
311 329 355 396 un
568 337 649 390 rue.
671 337 867 392 rusrsurm
892 335 1143 392 nrssusrsrro

311 491 466 578 epistole
481 495 622 558 sueture
633 495 670 557 et
681 489 1100 578 eperisbuJ'usiuterprete,
1113 491 1327 578 reperiendo,
1342 511 1400 559 seu

311 593 345 660 iu
358 591 570 672 declarando,
585 593 662 678 quis
675 591 776 658 tuerit
788 591 846 658 ille
859 591 1055 678 Septimius,
1069 599 1102 660 et
1118 593 1254 680 quentin
1270 596 1400 680 proprie

310 696 447 762 vixerit
490 693 597 760 Nulla
617 693 779 760 hebemus
800 693 957 778 vestigia,
971 713 1050 780 qum
1064 696 1099 760 in
1113 715 1155 762 eu
1168 693 1358 780 indagando
1371 699 1402 759 et

309 797 456 864 eruendo
474 811 663 880 sequemur,
675 793 740 860 niet
760 813 837 880 quse
849 794 1022 862 uobisuus
1044 795 1110 877 ⁶0.
1126 794 1247 862 Aradii
1268 794 1403 862 Ruflui’

310 899 434 966 mentio
446 896 589 982 prebet.
633 893 685 960 Eu
697 895 787 960 euim
802 895 879 960 sole
893 895 945 962 uti
961 893 1122 962 debemus
1137 897 1182 964 ed
1197 897 1402 963 constituen-

310 1000 390 1066 deur
405 997 562 1082 Septimii
574 1001 724 1064 etatem.
765 995 835 1064 Sed
849 997 943 1064 illius
962 1015 1099 1084 quoque
1124 1004 1208 1066 retus
1221 999 1401 1084 aliquantu·

310 1100 380 1170 lum
394 1101 534 1180 incerte,
562 1099 641 1184 quie
660 1099 775 1184 plures
797 1099 931 1168 fuerunt
951 1100 1051 1168 istius
1072 1099 1219 1166 numinis
1238 1099 1402 1166 homines.

311 1201 388 1268 Nee
404 1202 505 1279 enim,
519 1201 610 1288 quud
625 1199 701 1266 viri
713 1201 806 1268 ducti
819 1200 978 1268 ridentur
990 1201 1216 1280 existimasse,
1230 1219 1319 1266 nnus
1331 1201 1403 1280 suit,

161 1291 166 1300 ’
310 1313 347 1369 et
360 1305 418 1388 qui
429 1303 502 1389 jum
527 1303 592 1368 sub
612 1303 825 1370 Dioclebunu
849 1299 1038 1370 Preieetus
1052 1301 1158 1368 Urbis
1172 1301 1315 1388 primum
1328 1301 1403 1379 suit,

309 1412 346 1468 et
360 1404 417 1488 qni
430 1405 501 1500 ,nxz
516 1404 616 1468 annis
631 1411 712 1486 pust
725 1405 769 1468 eb
778 1403 919 1470 tuliano
932 1404 1044 1470 iectus
1057 1408 1110 1470 est
1119 1401 1244 1469 Comes
1258 1403 1403 1470 Orientis

309 1503 400 1588 apud
429 1503 643 1569 Ammienum
674 1505 908 1570 Marcellinum
934 1505 993 1571 lib.
1010 1521 1129 1572 xxrrr.
1159 1504 1234 1570 init.
1278 1505 1402 1590 Neque

309 1607 409 1672 etium
424 1613 553 1690 putem,
568 1603 733 1672 Aradium
753 1605 842 1672 hune
857 1603 1016 1672 Rufinum
1029 1623 1107 1672 esse
1126 1607 1220 1674 iilum
1240 1605 1276 1671 in
1301 1607 1404 1692 Lupi·

309 1707 411 1774 dibus
426 1713 647 1774 memoratum
661 1706 729 1788 ‘Q.
744 1705 907 1772 Andium
922 1705 1082 1774 Rufinum
1091 1705 1262 1774 Veturium
1275 1705 1404 1774 Procu-

308 1808 400 1888 lum,'
421 1815 460 1874 ut
482 1811 596 1874 censet
623 1807 786 1874 Onuirius
811 1807 846 1873 in
871 1805 986 1874 Fastis
1010 1808 1055 1873 sd
1069 1806 1205 1874 Annum
1235 1823 1404 1874 nnxvrn.

310 1927 409 1992 quem
424 1911 582 1976 tamenin
596 1929 638 1976 eu
652 1913 836 1995 sequuntur
856 1925 985 1988 omnes,
1000 1929 1085 1994 quos
1107 1908 1189 1976 vidi.
1233 1907 1322 1974 Num
1345 1911 1404 1976 ille
1495 1970 1496 1986 ,

308 2009 411 2076 nuieo
435 2013 581 2087 nomine,
595 2010 651 2076 vet
675 2013 810 2096 prucis,
825 2009 857 2076 si
883 2011 1123 2096 designaretur,
1149 2009 1311 2077 dicendus
1332 2017 1406 2076 eret
1494 2059 1495 2068 r

308 2112 521 2200 potissimum
543 2111 727 2178 ‘Valerius
750 2111 941 2192 Proculus:
962 2113 1015 2178 vel
1039 2117 1169 2178 tuntum
1191 2111 1406 2190 ‘Proculus'

308 2233 401 2281 mure
426 2215 527 2280 istius
550 2215 721 2297 temporis,
736 2232 805 2294 quo
827 2230 872 2274 ex
889 2210 1041 2293 piurimis
1064 2211 1256 2276 nominibus
1271 2231 1407 2297 semper
1443 2233 1453 2267 ι

308 2312 429 2375 ultimo
442 2312 601 2387 maxime,
615 2319 776 2393 tunquam
796 2309 861 2372 sibi
876 2307 1086 2392 potissimum
1108 2311 1266 2396 proprio,'
1287 2315 1408 2398 appel*

308 2409 465 2474 labuntur
495 2408 657 2474 homines.
701 2409 756 2475 ltu
781 2409 968 2490 Imperetur
988 2407 1047 2471 Ἰ..
1073 2409 1226 2474 Messius
1253 2411 1407 2489 Quintus

308 2509 473 2595 Trejuuus
489 2509 639 2590 Devius:
661 2511 704 2576 ub
726 2508 893 2588 omnibus,
907 2507 1080 2574 Trebellio
1100 2506 1265 2586 Pollione,
1281 2510 1409 2580 Eutro-

175 2599 180 2604 ’
306 2613 377 2700 pio,
391 2612 540 2693 Victore,
560 2610 692 2693 Oresio,
715 2591 869 2696 Sulpicio
894 2609 1033 2691 Seuero,
1048 2612 1109 2675 &m
1130 2609 1260 2694 passim
1274 2609 1408 2698 simpli·

307 2715 391 2782 niter
405 2713 575 2792 ‘Deeius,’
589 2716 645 2780 rel
660 2714 847 2797 ‘'linieuus
861 2709 1008 2780 Deeins’
1018 2711 1152 2777 dieitur.
1194 2709 1278 2796 Ejus
1293 2720 1406 2781 entem

307 2816 380 2882 siue
408 2813 509 2890 filius,
536 2813 609 2877 sive
636 2803 750 2894 gener,
774 2811 839 2875 ⁸0.
854 2811 985 2876 Veiens
1008 2811 1225 2878 Hostilienus
1254 2811 1406 2882 Messius
1496 2813 1497 2854 i

308 2904 476 2990 Quintus',’
496 2910 695 2995 simpliciter
709 2915 721 2948 ‘
731 2911 900 2990 Quintus:
922 2912 1022 2976 sicuti
1044 2911 1198 2994 Augusta
1210 2913 1303 2978 iliius
1317 2921 1405 2982 tern-

305 3013 400 3098 puris
427 3011 564 3080 ‘Gnseu
590 3012 670 3079 Seis
694 3011 868 3078 Herennia
896 3011 1058 3079 Saliustiu
1080 3013 1207 3079 Burbiu
1234 3013 1405 3083 Orbiuue'

307 3112 941 3182 breviter‘Berbinrbinnu’rueutur.
964 3113 1033 3180 Sed
1044 3121 1080 3182 et
1091 3115 1148 3181 hie
1157 3113 1404 3200 ipse‘Q.Aru·

307 3215 385 3280 dius
400 3215 545 3280 Rufinus
561 3213 723 3280 Valerius
736 3215 922 3282 Proculus'
941 3215 979 3282 iu
1000 3234 1140 3301 corpore
1161 3217 1240 3301 ipsu
1261 3217 1403 3303 inseripa

307 3317 410 3380 tionis
433 3331 458 3380 r.
481 3335 516 3398 p.
539 3315 615 3381 ³62.
644 3316 735 3401 apud
760 3316 940 3384 Gruterum
968 3317 1123 3383 omnibus
1145 3316 1279 3403 quidem
1305 3318 1400 3386 bisce
1495 3383 1496 3402 ἶ

306 3416 496 3482 nominibus
509 3415 560 3481 itu
573 3417 784 3499 exprimitur,
800 3426 839 3483 ut
858 3417 893 3482 in
906 3417 982 3504 ejus
1001 3418 1136 3501 fastigio
1149 3419 1241 3503 lupis
1260 3420 1326 3485 iste
1340 3439 1403 3503 po·
1495 3411 1496 3474 ἶ

306 3520 393 3584 situs
407 3517 560 3584 scribitur
575 3523 704 3584 tautum
718 3517 876 3585 ‘Vsterio
891 3519 1036 3586 Proculo
1047 3520 1092 3585 V.
1103 3520 1145 3586 G.
1158 3521 1304 3587 Pressidi
1316 3521 1401 3588 Pru⁴

305 3621 427 3688 uincire
439 3619 518 3685 Vel.
534 3619 742 3704 Byzecense!
768 3620 888 3706 Neque
898 3621 995 3686 ulitur
1008 3627 1020 3662 ‘
1028 3622 1069 3688 L.
1081 3620 1228 3688 Aradius
1242 3620 1399 3689 Valerius

304 3720 498 3798 Proculus,'
518 3721 611 3806 apud
632 3720 812 3790 Gruterum
833 3744 869 3807 p.
881 3723 957 3790 361:
979 3724 1015 3788 iu
1040 3725 1170 3790 duobus
1195 3725 1399 3791 carminibus

306 3826 424 3909 mejeri
445 3824 554 3905 titulo,
571 3825 629 3908 qui
651 3823 766 3891 omnes
788 3827 860 3912 ejus
881 3822 1026 3892 bonores
1046 3827 1203 3906 cuutiuet,
1224 3826 1399 3908 subjmeis,
1494 3885 1495 3892 ,

307 3934 438 3992 tuntum
464 3931 475 3964 ‘
485 3927 668 3993 Proculus'
684 3928 816 3994 dieitur.
863 3926 951 4011 Quse
973 3927 1212 4012 ipsacurminu
1233 3925 1399 3992 etiamad

309 4022 354 4102 Q.
376 4024 441 4117 Ar..
464 4027 546 4092 Rus.
568 4025 648 4092 Vel.
672 4028 851 4098 Proculum
873 4028 1031 4096 Ouuirius
1056 4029 1143 4094 mule
1166 4028 1292 4107 retulit,
1316 4029 1399 4095 iicet

307 4125 337 4191 is
352 4123 489 4203 Gousui,
503 4121 592 4190 certe
604 4127 801 4211 ordinarius,
815 4147 984 4214 nunqnam
998 4129 1103 4196 tuisse
1117 4127 1280 4194 videntur.
