3036 4918
384 381 432 428 nn
455 379 635 430 ureronrr
663 381 772 428 nnnnr
798 383 971 432 raorrur.
1170 369 1214 432 31

126 498 204 603 quae
229 519 361 584 tandem
382 527 432 586 est
452 523 537 586 ratio
561 522 595 585 id
617 515 770 604 negandi}
786 531 844 587 aut
865 523 899 584 in
921 522 1053 588 dubium
1069 483 1213 589 rocaddi

125 621 230 688 fidene
240 619 413 702 Epistola,
428 629 529 704 qtrarn
546 622 625 688 hnic
634 624 801 706 ,opusculo
815 623 975 705 praemisit
986 625 1143 707 interpres
1158 626 1214 689 ille

126 720 317 802 Septimius,
332 739 408 784 curn
423 725 542 805 utique
558 724 707 788 extiterit
722 744 835 788 revera
850 735 930 806 post
946 729 1092 804 tempora
1107 715 1221 788 Neross

19 849 20 854 1
125 821 181 882 nie
191 819 331 885 Graecus
348 823 491 904 scriptor
505 824 605 887 istius
630 826 775 888 nominis
792 845 812 888 a
828 824 957 888 Graecis
973 824 1214 906 posterioribus

123 919 254 1002 asapius
281 922 452 999 laudatus,
483 943 560 988 cum
590 925 766 987 conveniat
791 925 927 988 Titulus
953 925 1065 988 Graeci
1088 923 1216 988 Latini·

123 1039 191 1102 ,que
216 1021 314 1104 hujus
339 1024 463 1106 operis,
494 1043 570 1087 eum
594 1031 775 1105 congruant
798 1027 961 1106 utrimque
988 1045 1042 1088 res
1070 1027 1155 1107 ipsae
1185 1027 1218 1086 in

128 1121 266 1186 eandem
288 1125 388 1205 plane
410 1126 623 1200 sententiam,
650 1144 725 1188 curn
754 1127 898 1207 denique
925 1125 1043 1188 eadem
1067 1125 1218 1188 tradatur

128 1221 252 1288 inventi
269 1226 381 1306 operis
409 1224 558 1300 historia,
575 1244 650 1307 quae
673 1245 752 1304 ergo
777 1226 861 1289 ratio
884 1233 948 1300 est,
974 1227 1120 1306 inquam,
1136 1224 1219 1287 satis

127 1323 263 1402 idonea,
279 1345 381 1408 quare
402 1344 502 1389 secus
517 1344 619 1410 qnam
642 1345 696 1388 res
722 1325 796 1405 ipsa
818 1324 906 1387 ultro
928 1325 1063 1399 clamat,
1077 1335 1110 1388 et
1135 1324 1219 1406 Sep-

128 1425 245 1491 timius
267 1426 333 1490 ille.
346 1427 461 1509 palam
482 1426 525 1490 de
552 1445 589 1489 se
610 1425 740 1500 fatetur,
763 1445 955 1489 censeamus
977 1425 1133 1489 Latinum
1157 1427 1220 1490 buc

128 1525 333 1608 opusculum
357 1547 422 1600 pon
445 1545 523 1590 esse
546 1546 588 1590 ex
605 1524 728 1590 Graeco
744 1527 900 1590 versuml
946 1525 1116 1614 ltatamen
1132 1527 1221 1590 Vos·

124 1628 202 1692 ,sius
217 1627 251 1689 in
268 1626 454 1691 Historicis
471 1627 613 1704 Latinis
630 1626 695 1708 ‘Q.
718 1628 898 1710 Septimius
912 1627 1086 1691 Romanus
1101 1629 1222 1692 Latine

122 1742 330 1790 ‹cuunruurr
360 1727 502 1791 vertisse
526 1729 649 1809 Dictyn
673 1727 860 1791 Cretensem
883 1726 926 1789 de
946 1728 1041 1791 Bello
1062 1727 1222 1808 Trojano,

127 1827 193 1898 ‚sed
216 1828 507 1908 quisquis-auctor
529 1832 580 1890 est
604 1825 677 1906 ejus
702 1827 825 1908 operis,
848 1827 979 1902 Latine,
1002 1845 1067 1888 non
1093 1826 1223 1903 Graece,

130 1926 284 2006 scripsit,
298 1924 436 1996 Graecos
452 1929 562 1989 ta'men
578 1913 737 1989 auctores
761 1946 835 1989 curn
856 1925 990 2006 judicio
1012 1925 1101 2006 legit,
1124 1932 1224 2008 atque

18 2051 19 2054 ¹
125 2044 179 2090 ex
190 2025 234 2088 iis
246 2025 430 2106 excerpsit,
440 2045 515 2106 quae
527 2026 662 2094 ueritati
675 2033 898 2088 consentanea
909 2024 1120 2090 viderentur!
1140 2026 1224 2092 Vult

131 2144 225 2208 ergo,
242 2144 330 2207 opus
353 2125 416 2190 boc
442 2125 611 2207 Septimii,
627 2125 680 2188 vel
704 2126 894 2222 quicunque
915 2125 986 2208 ejus
1012 2134 1141 2203 auctor,
1158 2145 1226 2190 non

129 2227 257 2298 Graece
273 2227 441 2308 primitus,
456 2225 651 2290 sedLatine
666 2231 792 2288 tantum
815 2225 977 2306 scriptum
999 2244 1075 2288 esse
1091 2231 1125 2287 et
1140 2244 1227 2290 corn·

18 2397 19 2404 1
133 2327 294 2410 positum.
320 2327 490 2394 Disertius
504 2325 607 2389 etiam
620 2325 788 2389 Mercerns
802 2325 835 2387 in
852 2325 953 2388 Notis
966 2325 1009 2388 ad
1026 2324 1226 2408 Prologumz

136 2431 147 2460 ‘
163 2425 210 2488 Et
223 2427 325 2490 multa
339 2427 466 2498 indicia
481 2431 556 2490 sunt
571 2425 690 2491 Latine
712 2419 889 2506 scripsisse
907 2411 1080 2508 Nostrum,
1099 2446 1163 2491 non
1184 2447 1227 2490 ex

136 2526 261 2590 Groeco
275 2529 425 2605 vertisse,
442 2536 478 2591 et
491 2527 610 2590 habere
626 2526 793 2590 aGraecis
807 2528 855 2600 τὴν
870 2522 949 2600 ὕλην,
965 2546 986 2590 a
1000 2527 1131 2590 Latinis
1144 2525 1229 2590 mul·
1325 2541 1327 2544 ·

130 2635 191 2697 tas
219 2629 382 2694 dictiones
402 2647 601 2708 expressas,
625 2630 799 2707 praecipue
827 2647 848 2690 a
872 2629 1053 2692 Sallustic.’
1097 2631 1229 2696 Vellem

136 2713 305 2795 ‘indi'cia'
335 2729 409 2790 lraec
438 2725 632 2808 protulisset
660 2731 693 2785 et
721 2725 820 2784 nobis
846 2735 1145 2790 commonstrasset
1169 2729 1233 2791 Vir

137 2829 368 2894 doctissimus.
412 2825 504 2887 Nam
526 2821 615 2904 quod
638 2824 778 2904 phrases
800 2822 923 2885 multas
938 2826 1093 2887 sumserit
1108 2844 1152 2888 ex
1168 2826 1232 2890 Lae
1317 2905 1318 2908 Ἴ

140 2929 223 2993 tinis
240 2934 276 2991 et
296 2925 459 2989 Classicis
485 2922 692 2998 auctoribus,
707 2939 748 2984 ee
763 2921 975 3004 potissimum
995 2941 1038 2986 ex
1057 2923 1232 3006 Sallustio,

132 3027 237 3113 ΙΛ1111111,
253 3028 405 3103 obsecro,
420 3027 456 3088 in
472 3044 514 3090 eo
529 3024 616 3086 inest
631 3025 673 3088 ab
694 3023 883 3105 interpretis
903 3023 1034 3090 ratione
1055 3025 1138 3092 adeo
1154 3029 1233 3094 alie·

134 3147 321 3206 num,curn
344 3128 471 3210 utiquc
484 3125 607 3188 Latina
628 3125 791 3200 oratione,
815 3130 848 3186 et
865 3124 1003 3186 liberius
1025 3126 1176 3204 quidem,
1194 3138 1233 3193 ut

142 3232 308 3297 solebant⁴
329 3237 406 3294 tuno
437 3229 647 3307 interpretes,
676 3224 790 3288 Graeci
832 3224 1005 3304 scriptoris
1034 3231 1235 3305 expresserit

137 3333 341 3398 historiam-l
366 3331 485 3412 Neque
500 3327 588 3390 enim
609 3325 763 3408 postulat
776 3324 951 3406 quisquam
967 3344 1091 3403 eorum,
1114 3327 1171 3408 qui
1190 3347 1234 3390 ex

147 3435 267 3502 Graeco
297 3432 454 3502 Nostrum
483 3429 567 3492 haee,
581 3426 719 3491 vertisse
741 3432 891 3501 censent,
914 3427 1107 3490 ut-verbum
1133 3429 1233 3492 verbo

147 3555 274 3618 semper
289 3532 393 3596 anxia
407 3531 505 3594 nimis
521 3534 554 3592 et
569 3529 713 3592 obscura
734 3527 832 3608 plane
854 3525 1026 3607 diligentia
1048 3526 1235 3590 reddidisse

150 3637 311 3700 credatur.
724 3659 727 3664 ·

142 3762 159 3786 ··
195 3751 259 3798 xv.-
280 3736 328 3800 Et·
347 3741 456 3800 temen
478 3734 565 3797 adeo
589 3731 677 3795 fidus
698 3731 762 3794 fuit
784 3748 886 3811 saepe·
899 3729 1071 3810 interpres,
1086 3734 1122 3788 ut
1138 3728 1236 3788 etiam

152 3836 347 3901 Graecismis
362 3836 435 3918 ejus
451 3834 555 3898 dictio
576 3831 733 3907 abundet,
749 3835 783 3894 et
806 3830 907 3892 verba
929 3845 970 3890 ae
992 3826 1130 3907 phrases
1144 3824 1238 3898 Gree-

142 3959 210 4004 cas
230 3939 368 4001 subinde
383 3936 503 4001 Latino
527 3950 677 3997 sermone
699 3946 877 4010 expressas
899 3925 1077 3988 retinuerit.
1122 3924 1238 4005 Speci-

143 4039 249 4102 .minis
263 4038 342 4101 loeo
367 4036 434 4098 sint
456 4031 631 4114 sequentia
651 4048 695 4092 ex
712 4027 849 4103 duobus
871 4029 998 4089 tantum
1012 4023 1107 4088 libris
1122 4024 1237 4104 petita,

144 4139 210 4204 lib.
226 4159 259 4203 v.
282 4136 432 4201 ‘Eadem
444 4133 625 4216 cupiditate
640 4128 831 4212 universam
845 4125 979 4188 domurn
994 4123 1067 4206 ejus
1080 4123 1112 4192 in
1125 4124 1239 4188 scelus
