3028 4900
499 335 620 386 sonus
643 325 794 388 rnoron.
1146 335 1192 402 35

102 485 222 571 (quem
244 481 276 545 ei
301 481 428 546 Hector
449 496 529 567 post
552 491 717 554 certamen
741 489 907 572 singulare
926 493 1016 559 dono
1040 496 1192 582 dederat)

104 581 272 648 incubuit:
293 582 500 664 cujuscruor
521 587 554 648 in
577 587 690 650 florem
705 595 758 657 est
771 595 1017 658 transmutatus.
1060 595 1191 679 Sopho-

103 684 184 758 cles,
199 683 233 746 in
249 679 359 765 Ajece
375 681 536 766 Flagellif.
551 688 607 751 cui
623 688 710 753 addc
725 686 907 767 Alciatum,
923 692 964 755 ad
980 693 1054 757 167.
1069 703 1105 758 et
1116 697 1189 762 175.

103 782 266 848 Emblem.
278 803 406 848 necnon
418 784 518 850 ovid.
534 790 857 854 xrrr.Metam.391.

273 883 313 948 In
328 890 461 968 pectus,
473 894 543 952 tum
558 889 691 955 demum
705 889 842 955 vulnere
855 911 1009 973 passum,

191 979 270 1059 Qua
284 985 394 1066 patuit
407 985 505 1079 ferro,
517 988 648 1051 letalem
659 989 806 1054 condidit
819 1010 945 1056 ensem.

146 1081 327 1146 Nummum
349 1086 449 1163 hunc,
471 1107 492 1150 e
513 1088 751 1166 Prusensibus,
765 1090 800 1152 in
821 1092 980 1156 honorem
1001 1089 1189 1162 Caracalla

101 1184 191 1267 Imp.
213 1204 344 1261 cusum,
368 1192 444 1251 ante
471 1207 535 1253 nos
557 1189 738 1271 depinxere
762 1190 916 1270 Petinus,
937 1192 971 1256 in
994 1194 1106 1278 Impp.
1121 1195 1191 1261 Ro·

100 1304 189 1348 man.
218 1285 295 1350 243.
326 1291 362 1350 et
386 1287 546 1370 Sponius,
574 1291 610 1353 in
632 1290 781 1355 Itinerar.
806 1293 860 1367 cui
885 1293 1061 1376 respondet
1082 1296 1191 1361 Liceti

100 1383 256 1462 Gemma,
280 1387 369 1470 apud
394 1388 610 1466 Gronovinm,
638 1392 844 1474 Dactylioth.
862 1410 903 1456 ιι.
925 1391 998 1458 503.
1023 1393 1117 1458 Gem.
1132 1397 1190 1459 ubi

99 1495 134 1549 et
149 1486 208 1551 fax
224 1487 352 1565 ardens,
368 1488 509 1572 Ajacem
522 1491 582 1574 (de
606 1493 736 1557 Brenno
760 1491 941 1577 somnium)
965 1502 1065 1560 noctu
1085 1503 1188 1562 semet

98 1589 211 1670 ipsum
225 1588 415 1653 confodisse
430 1591 604 1672 significat·
710 1645 712 1648 .

411 1913 570 2004 mxlv.
614 1909 872 1978 nausrcrn.

497 2079 576 2142 Lm.
593 2094 643 2140 vr.
666 2069 756 2142 Cer.
771 2079 804 2142 6.

130 2252 140 2281 ‘
156 2249 277 2329 Neque
291 2247 394 2310 multo
406 2251 495 2328 post,
509 2243 665 2326 precibus
678 2248 780 2324 atque
794 2242 924 2303 hortatu
936 2235 1085 2318 Ulyssis,
1101 2233 1161 2297 Al·

277 2348 365 2408 cinoi
380 2347 451 2410 filia
467 2345 643 2410 Nausicaa
657 2341 859 2406 Telemacho
876 2335 1036 2402 denubit!

142 2495 357 2571 Nausmnr,
390 2492 535 2570 Alcinoi,
565 2492 749 2555 Phaeacum
781 2487 870 2566 regis
905 2486 940 2548 in
969 2483 1128 2563 Corcyra,
1156 2483 1190 2544 et

97 2598 220 2661 Aretes
241 2596 325 2668 tilia,
347 2613 424 2672 ques
446 2593 532 2652 torte
555 2601 631 2650 cum
654 2582 870 2665 pedissequis
889 2581 982 2658 regia
1003 2580 1133 2651 exieus,
1154 2578 1191 2642 in

95 2698 233 2762 flumine
248 2699 360 2755 vestes
383 2691 550 2764 ablotura,
566 2683 685 2748 incidit
703 2683 740 2743 in
755 2679 925 2760 Ulyssem,
938 2676 1143 2756 naufragum,
1156 2674 1191 2738 in

95 2799 211 2861 littore
238 2794 416 2867 sedentem,
446 2788 582 2852 nudum.
641 2781 734 2845 Huic
770 2782 878 2868 autem
911 2774 1055 2857 supplici
1082 2779 1192 2838 vestes

98 2896 204 2971 dedit,
220 2911 363 2976 eumque
373 2891 416 2956 ad
431 2881 559 2973 putrem
573 2883 740 2967 perduxit.
764 2878 868 2945 Hom.
882 2876 947 2940 0d·
961 2880 984 2945 t.

140 2997 327 3062 Nausicaan
344 2999 459 3059 autem
470 2998 563 3075 pater
572 2990 683 3072 justus
698 3005 738 3050 ac
753 2981 940 3067 pacificns;
963 2979 1059 3062 cujus
1077 2997 1188 3062 poma-

97 3101 222 3163 riorum
233 3099 321 3162 mira
334 3095 490 3160 fertilitas
506 3091 587 3154 abiit
605 3089 639 3151 in
654 3085 876 3170 proverbium.
905 3080 1031 3145 Statius
1047 3095 1071 3141 1.
1094 3076 1188 3159 Sylv.

11 3249 12 3258 .
100 3199 197 3264 3..81
219 3196 377 3263 Juvenal.
393 3213 427 3257 v.
453 3193 527 3256 Sat.
553 3190 627 3253 151.
654 3188 806 3268 Propert
823 3199 879 3244 ιιι.
905 3182 935 3243 l.
981 3175 1079 3242 Unde
1100 3177 1191 3245 etin

103 3300 258 3364 Nummis
273 3295 526 3380 Corcyrensium
542 3299 575 3355 et
589 3283 897 3397 Dyrrachiensium‚
906 3278 995 3363 apud
1007 3276 1189 3352 Goltzium,

11 3381 12 3420 ³
102 3401 209 3466 Graec.
224 3402 256 3463 1.
270 3401 303 3463 2.
316 3407 350 3462 et
371 3398 457 3461 Teb.
474 3391 735 3475 conspiciuntur,
751 3385 800 3449 uti
821 3383 948 3468 primus
971 3377 1109 3444 credidit
1122 3377 1189 3442 Be·

103 3523 207 3583 genus,
232 3500 392 3565 Thesaur.
417 3495 560 3560 Palatin.
577 3509 603 3554 1.
617 3489 692 3552 455.
717 3493 818 3569 atque
834 3483 938 3549 etiam
958 3497 1048 3545 ame
1070 3477 1190 3542 contir-

102 3609 218 3680 matur‚
233 3601 275 3666 ad
291 3599 488 3663 Wildianor.
505 3595 669 3658 Selector.
686 3589 740 3651 55.

143 3703 247 3766 Ροιιο
262 3703 334 3766 haec
351 3699 523 3763 Nausicaa
541 3715 562 3758 e
586 3690 795 3756 Numismate
811 3678 1082 3768 Mityleneusium
1098 3675 1189 3758 apud

102 3804 276 3887 Sponium,
300 3798 487 3864 Miscellan.
504 3793 631 3858 Erudit.
651 3788 791 3853 rv.130
