3044 4896
377 355 426 402 nu
450 353 571 404 annuo
594 355 768 406 raomno
792 357 863 410 ura.
888 363 937 408 ιν.
1129 339 1196 414 aaa

99 503 167 575 tus,
178 501 211 560 et
221 490 372 560 clamore
379 493 510 577 lugubri
520 497 625 563 troili
638 515 755 564 casum
767 503 993 569 miserandum
1006 506 1041 568 in
1055 505 1192 571 modurn

101 599 235 674 deflent,
252 597 416 660 recordati
432 603 564 663 aetatem
579 598 653 681 ejus
667 599 849 666 admodum
864 605 1111 670 immaturam·
1132 609 1192 690 qui

100 699 134 762 in
149 699 265 783 primis
281 698 433 781 pueritiae
449 699 557 776 anuis,
575 717 649 764 cum
665 703 865 768 verecundia
880 723 921 768 ae
936 707 1109 788 probitate,
1123 714 1192 771 tum

99 801 272 883 praecipue
287 800 396 863 iorma
410 800 560 880 corporis
575 800 739 878 amabilis,
761 807 860 885 atque
879 813 1038 888 acceptus
1052 799 1193 888 popula·

98 900 194 964 ribus
209 901 431 965 adolescebat.
474 901 555 984 [la]
579 902 665 966 Dein
680 907 857 970 transactis
872 908 990 989 paucis
1007 907 1123 972 diebus
1138 927 1194 973 so·

99 1002 194 1066 lenue
209 1001 398 1086 Thymbraei
417 1001 582 1085 Apollinis
604 1005 754 1081 incessit,
768 1013 802 1069 et
816 1007 949 1090 requies
970 1009 1116 1073 bellandi
1132 1030 1192 1093 per

99 1101 254 1168 inducias
268 1105 482 1186 interposita:
504 1111 574 1167 tum
589 1113 731 1189 utroque
745 1110 893 1172 exercitu
913 1109 1078 1173 sacrificio
1087 1111 1192 1176 'iusis-

97 1209 197 1278 teate,
223 1205 374 1268 Priamus
387 1212 519 1286 tempus
534 1211 663 1282 nactus,
679 1206 833 1270 idaeum·
853 1209 896 1273 ad
913 1198 1076 1274 Achillem
1089 1229 1191 1294 super

100 1303 278 1389 Polyxena
293 1323 370 1369 cnm
383 1304 548 1369 mandatis
562 1305 671 1369 mittit
714 1306 781 1370 Sed
805 1307 864 1371 nbi
883 1307 1037 1372 ¹Achilles
1061 1311 1095 1372 in
1113 1313 1191 1376 luco

100 1425 139 1470 ea
160 1425 240 1488 quae
257 1405 389 1488 perlata
409 1412 505 1468 eraut
527 1405 569 1467 ab
595 1403 711 1469 ldaeo¹
737 1409 915 1490 separatim
932 1409 974 1471 ab
990 1409 1065 1473 aliis
1079 1417 1190 1494 recog-

98 1507 219 1585 noscit,
241 1507 376 1587 cognita
391 1525 425 1569 re
440 1506 529 1590 apud
545 1521 647 1570 naves
658 1508 806 1589 suspicio
821 1508 956 1572 alienati
971 1509 1078 1587 ducis,
1094 1519 1127 1576 et
1146 1513 1190 1576 ad

98 1617 304 1691 postremum
331 1607 513 1689 indignatio
537 1614 664 1671 exorta.
718 1608 875 1692 Namque
902 1613 999 1673 antea
1026 1629 1188 1677 rumorem

97 1709 297 1791 proditionis
312 1715 418 1773 ortum
433 1707 632 1772 clementer¹³
650 1728 710 1791 per
724 1709 909 1772 exercitum
925 1711 957 1772 iu
972 1729 1085 1776 verum
1099 1719 1189 1778 trax·

97 1816 200 1875 eraut.
242 1809 296 1873 Ob
311 1829 399 1892 quae,
416 1811 513 1874 simul
528 1811 577 1873 uti
592 1809 779 1873 concitatus
794 1810 912 1873 militis
926 1811 1057 1874 animus
1071 1813 1188 1877 lenire·

98 1916 161 1990 tur,
180 1910 270 1995 Ajax
285 1931 360 1975 cum
377 1910 544 1976 Diomede
559 1917 592 1975 et
607 1910 730 1996 Ulysae
745 1911 788 1974 ad
803 1912 915 1975 lucum
932 1918 1079 1994 pergunt.
1124 1911 1189 1975 Hi·

97 2019 263 2097 queunte
298 2013 456 2097 templum
481 2013 650 2089 resistunt,
680 2013 889 2096 opperientes
919 2014 949 2076 si
978 2011 1188 2094 egrederetur

97 2113 272 2192 Achillem,
295 2114 456 2210 simulque
476 2116 523 2176 nti
545 2133 615 2178 rem
637 2121 767 2196 gestam
786 2114 923 2197 juveni
945 2115 1120 2191 referrent,
1143 2114 1188 2177 de

97 2223 205 2279 cetero
228 2205 326 2278 etiam
351 2196 614 2289 deterrerenl,1n
639 2205 807 2295 colloquio
826 2207 913 2279 clam
933 2235 1013 2280 cum
1032 2215 1187 2279 hostibus

97 2335 201 2398 agere.
248 2314 330 2398 [ll]
346 2315 483 2378 Interim
498 2312 705 2391 Alexander,
721 2317 944 2397 compositis
930 2336 1001 2402 Jam
1014 2335 1090 2379 curn
1105 2314 1187 2377 Dei·

97 2417 207 2498 phobo
233 2416 377 2493 insidiis,
400 2417 542 2499 pugione
566 2417 761 2480 accinctus²
791 2417 834 2480 ad
856 2416 1020 2482 Achillem
1045 2415 1187 2496 iugredi·

95 2526 158 2594 tur,
181 2517 392 2582 confirmator
407 2517 511 2581 veluti
534 2535 741 2599 eorumquae
768 2516 921 2582 Priamus
947 2519 1185 2600 pollicebatur:

93 2625 239 2702 moxque
254 2618 296 2681 ad
313 2637 415 2693 aram,
430 2635 498 2698 quo
511 2637 554 2678 ue
568 2616 676 2678 hostis
691 2615 806 2678 dolum
820 2619 1081 2698 persentisceret,
1094 2635 1187 2676 aver·

93 2737 221 2802 susque
238 2737 260 2780 a
273 2713 385 2792 duce,d
401 2717 542 2800 assistit.
589 2715 677 2778 Dein
692 2715 751 2776 ubi
762 2722 895 2796 tempus
909 2716 1017 2778 visum
1031 2721 1093 2788 est,
1106 2713 1188 2776 Dei·

91 2819 230 2902 phobus
244 2815 420 2897 amplexus
435 2815 590 2875 inermem
600 2813 767 2894 juvenem,
780 2813 952 2894 quippoin
968 2831 1065 2874 sacro
1080 2809 1186 2895 Apol-

90 2920 174 2984 linis
190 2917 268 2981 nihil
283 2915 406 2980 hostile
423 2920 634 2989 metuentem,
645 2915 847 2992 exosculari,
859 2914 1077 2998 gratularique
1088 2933 1186 2998 anper

551 3123 730 3146 eucnemon

94 3278 108 3322 l
127 3273 260 3338 Delphin
270 3274 319 3322 iore
330 3287 359 3322 ca
369 3283 422 3334 qua
432 3270 502 3318 illuto
516 3273 585 3316 eruat
601 3283 655 3316 mar
671 3266 794 3318 Idea-2
811 3265 907 3329 Delph.
926 3265 1073 3313 duum-t
1090 3266 1185 3330 Delplr.

585 3463 692 3517 Nom

124 3608 135 3632 ²
152 3597 315 3656 AEtutemejur
324 3599 446 3646 admodum
457 3592 619 3656 immaturum]
690 3601 703 3628 ¹
714 3590 985 3656 ideum1Praeonem,
996 3585 1028 3634 de
1039 3601 1089 3649 quo
1098 3599 1185 3647 snpra.

93 3673 163 3727 Quia
175 3671 276 3718 scilicet
288 3671 355 3732 apud
363 3671 498 3734 Virgilium
510 3671 619 3734 legerat,
691 3669 705 3702 Ι)
716 3670 801 3716 Ortum
813 3661 947 3724 clementer]
963 3657 1146 3717 ‘Clementem’
1156 3657 1183 3707 id

95 3747 285 3808 ‘lulelixpueq
292 3745 618 3808 atqueimparcougressur
658 3739 919 3800 ert,lente,nrodice.
953 3736 1084 3783 luveram
1098 3741 1183 3784 traue-

96 3821 208 3874 Achilli?
232 3820 283 3870 Sed
295 3834 352 3869 erim
364 3817 490 3881 fugiebat,
502 3820 569 3868 viros
581 3833 618 3865 ro·
660 3821 718 3866 rant
737 3827 863 3861 rumorem
882 3811 953 3859 illum
967 3808 1127 3894 proditionis,
1140 3810 1183 3873 qui

95 3897 198 3950 hustiss‘
179 3911 256 3962 turos
274 3911 290 3944 a
308 3893 392 3958 politis
406 3894 545 3956 saepissime
557 3906 619 3954 pne·
659 3905 705 3955 per
716 3888 856 3937 exercitum
869 3881 979 3933 leviter
973 3891 1127 3931 insonuerunt
1148 3882 1182 3931 A·

74 3979 76 3986 ’
95 3989 136 4022 ros
151 3973 211 4034 diei,
229 3979 257 4021 et
274 3985 337 4020 sane
347 3967 463 4019 Troilum
475 3967 619 4016 robustissi-
658 3965 759 4017 chillam
771 3971 856 4011 arrium
869 3954 1022 4023 proditionis
1033 3969 1182 4036 suspectum

95 4061 162 4096 mum
180 4054 207 4096 et
223 4045 387 4095 fortissimum
404 4041 553 4092 describunt
565 4042 619 4091 Ho·
656 4039 797 4098 habebant,
805 4043 912 4100 propter
919 4048 1028 4084 umorem
1037 4027 1183 4100 Polyxena.

95 4135 190 4182 ruerus,
205 4121 339 4170 Taetzes
333 4134 360 4169 ru
386 4117 518 4184 Lycoplrr.
536 4119 618 4168 Dares
689 4111 815 4174 Juoeai]
831 4109 933 4159 Achilli.

94 4196 230 4261 Phrygius,
240 4204 268 4245 et
278 4194 331 4244 alii.
537 4230 539 4236 .
689 4187 703 4222 ⁴
717 4187 741 4237 A
754 4185 833 4250 Duce]
849 4184 958 4235 Achille.
