3036 4918
286 273 330 340 ot
554 283 634 336 rac.
656 283 848 336 rurrrorur
873 283 1122 338 arsenarauro

287 435 376 524 quod
386 435 459 520 jam
474 435 558 502 saur
568 453 675 522 supra
687 435 945 504 confutavimus.
988 435 1118 504 Verum
1132 435 1176 502 de
1190 435 1281 520 stylo
1292 436 1383 521 quod

288 539 347 616 sit,
363 536 552 603 indecorum
567 543 629 616 est,
643 538 691 604 ita
705 537 830 616 uvam,
845 537 930 616 viro,
947 537 1007 622 qui
1020 535 1193 606 Latinituti
1206 541 1386 622 tantopere

287 639 443 706 attendit.
487 639 580 719 Quid
605 639 719 704 enimi
760 639 818 705 Au
847 639 891 706 ud
916 637 1063 724 Nepotis
1093 640 1229 726 stylum,
1256 637 1400 734 autad

287 737 409 805 Velleii
438 759 549 806 mrum
578 739 741 806 accedunt
764 743 775 776 ‘
786 739 998 807 Contestari'
1026 739 1146 806 eodem
1175 759 1289 819 semu,
1318 761 1388 826 quo

287 857 375 906 nuno
392 839 494 923 vulgo
510 839 627 906 dicunt
650 839 860 906 ‘Protestari
873 837 893 907 :⁹
921 839 1079 908 ‘Testari
1095 842 1187 908 brevi
1201 841 1389 919 ultionem,’

288 939 354 1006 hoc
377 947 442 1019 est,
457 939 585 1020 minari,
600 939 821 1008 denunciare:
851 939 1088 1026 ‘adlrospitare
1105 942 1171 1008 sibi
1193 943 1310 1022 neos:
1339 961 1387 1008 ex

290 1039 486 1119 Grmeismo,
507 1041 551 1104 iri
572 1041 649 1128 ξενίᾳ
670 1044 787 1106 ramis:
810 1041 1029 1110 ‘Reformare
1059 1043 1169 1110 diemr
1191 1063 1269 1110 oum
1293 1045 1389 1112 nullo

288 1143 437 1210 remedio
457 1143 579 1212 mederi
600 1144 736 1228 posset:
757 1145 911 1231 pasnve:
934 1145 1097 1212 ‘Funus'
1117 1165 1179 1231 pro
1193 1148 1271 1230 ipso
1285 1145 1391 1212 eada·

289 1263 368 1312 vere
383 1251 417 1310 et
438 1247 614 1330 sepulcro:
638 1245 795 1312 ‘Cuncta
820 1253 969 1315 extrema
991 1255 1086 1314 ratus
1107 1247 1271 1334 experiri:
1294 1248 1389 1314 ‘Re-

291 1345 442 1412 darmare
456 1365 574 1412 manus
586 1349 606 1412 ι’
628 1347 822 1431 ‘Conjuges
836 1348 1101 1435 Principalium,'
1116 1348 1209 1433 quud
1230 1347 1389 1433 frequens

290 1447 458 1530 sequioris
472 1450 539 1514 ueri
553 1449 796 1533 scriptoribus:
818 1449 934 1516 ‘Alter
956 1450 1390 1535 Echinadibusimperator,

289 1547 661 1634 AgapenorArcadlaet'
671 1551 854 1618 ‘Desinere
863 1553 1094 1638 pernoctando
1105 1551 1198 1618 humi
1207 1549 1227 1616 τ’
1242 1549 1391 1630 ‘Quanti

289 1651 456 1732 mortales,
473 1652 609 1737 quinam
625 1658 661 1718 et
675 1653 792 1738 quanti
808 1652 1009 1738 Pelopidae,'
1023 1653 1089 1720 hoo
1104 1659 1166 1732 est,
1181 1658 1273 1738 quot,
1290 1653 1390 1736 quod

291 1755 548 1822 usitatissimum
564 1755 627 1821 fuit
641 1753 850 1840 septimiano
864 1773 959 1821 mro:
982 1753 1191 1822 ‘Delutarez’
1213 1759 1224 1792 ‘
1234 1755 1272 1820 Is
1292 1755 1391 1838 nga-

226 1891 228 1896 ·
290 1859 455 1922 memnoni
469 1859 654 1936 insinuans,
668 1876 745 1941 quoe
762 1857 853 1924 circa
873 1855 978 1922 liliam
1000 1856 1073 1941 eju's
1095 1857 1298 1936 evenissent,
1315 1857 1391 1922 ani·

290 1975 380 2019 mum
403 1962 503 2040 atque
525 1967 678 2026 ornatum
694 1959 787 2042 regis
808 1959 1022 2038 reformavit,'
1034 1957 1099 2024 hoc
1122 1965 1187 2036 est,
1203 1957 1340 2024 comiter
1354 1963 1392 2020 et

290 2055 440 2122 modeste
462 2059 669 2142 significans:
692 2061 830 2146 ‘Super
854 2081 930 2145 quse
952 2061 1099 2145 juvenis,
1123 2059 1217 2126 aliud
1243 2065 1391 2144 tempure,
1506 2090 1507 2093 ¹

291 2159 393 2224 aliurn
411 2159 536 2239 locum,
552 2169 796 2246 tractatumque
818 2164 891 2228 iore
913 2164 1094 2246 respondit.
1138 2161 1183 2227 Et
1198 2162 1392 2244 indignatus

173 2317 176 2323 .
291 2261 439 2322 noudum
454 2263 520 2325 sibi
543 2281 564 2324 a
586 2263 722 2328 Priamo
745 2281 847 2342 super
867 2263 931 2337 his,
945 2279 1023 2343 quae
1047 2280 1160 2324 secum
1176 2265 1393 2340 tractaverat,

291 2358 508 2452 mandatnm'
534 2361 600 2422 hoc
637 2365 698 2434 est,
728 2359 941 2423 nunciatum:
965 2357 1170 2425 ‘Rumorem
1201 2363 1237 2426 in
1262 2360 1396 2430 Verum

292 2463 468 2523 traxerant
491 2457 644 2538 ‘Solita'
654 2459 827 2525 absolute:
844 2458 1064 2524 ‘Goadunare
1075 2460 1094 2524 :’
1109 2460 1268 2538 Quietum
1278 2461 1397 2528 disce-

296 2559 395 2640 ditur,
417 2559 482 2627 hoc
505 2568 571 2638 est,
590 2562 763 2630 cubitum:
799 2560 977 2628 ‘Relatum
1003 2560 1111 2626 differt
1137 2559 1171 2625 in
1196 2558 1396 2644 proximum

293 2661 405 2742 diem:
419 2663 484 2730 hoc
499 2670 561 2744 est,
574 2665 850 2731 renuntiationem
863 2665 1039 2748 legationis
1052 2683 1133 2730 sote.
1176 2673 1185 2700 ‘
1198 2660 1395 2747 Sullapsnm

295 2765 408 2844 coelo,'
433 2767 499 2830 hoe
515 2773 578 2842 est,
592 2768 783 2849 delapsum.
825 2767 954 2850 ‘Super
968 2767 1133 2850 qualitate
1158 2783 1275 2830 eorum
1296 2783 1395 2832 exer-

296 2863 388 2940 tius‚’
409 2865 552 2940 hecout,
566 2865 690 2942 acrius,
713 2865 953 2930 ‘disserturum
963 2865 983 2932 :’
1006 2865 1261 2952 ‘impossibilia
1275 2873 1395 2949 postu·
1507 2935 1508 2950 χ

296 2964 366 3027 lare
381 2961 400 3025 τ’
422 2959 614 3029 ‘Placitum
638 2963 832 3042 confirmat,’
852 2954 918 3031 ho'o
944 2969 1007 3044 est,
1023 2953 1220 3032 conventum
1241 2972 1393 3051 pactum.
1507 2959 1508 2968 ἦ

296 3064 421 3132 ‘Jov'is
444 3051 752 3133 Anteaedificialisz’
774 3067 923 3134 ‘Forma
946 3067 1208 3153 perlaudabilis.’
1252 3068 1341 3134 Haec
1358 3074 1394 3134 et

295 3167 419 3234 similia
433 3169 508 3253 quis
521 3169 654 3234 tandem
670 3169 799 3236 Latinae
812 3170 987 3254 elegantiae
1002 3171 1092 3240 haud
1106 3171 1281 3254 imperitus
1296 3170 1394 3236 dixe·
1507 3165 1508 3168 ’

294 3271 338 3334 rit
360 3271 451 3334 illins
473 3289 546 3336 esse
570 3271 693 3350 aetatis,
718 3292 785 3356 qua
805 3273 953 3338 maxime
976 3273 1093 3338 isthaec
1119 3272 1234 3355 lingua
1255 3271 1392 3338 floruitl

296 3369 385 3435 Vide
399 3371 499 3434 etiam
516 3369 640 3436 Olaum
652 3373 872 3452 Borrichium,
884 3381 919 3439 et
934 3375 1143 3441 Gronovium
1158 3373 1304 3452 Patrem,
1320 3372 1392 3440 Ob·

297 3491 381 3538 serv.
397 3471 529 3538 Eccles.
544 3473 599 3539 25.

343 3591 492 3640 xxxix.
516 3575 635 3660 Neque
657 3582 768 3642 tamen
783 3546 971 3662 negaverim
987 3575 1163 3661 Scioppio,
1179 3577 1271 3661 quod
1288 3576 1393 3654 addit,

297 3677 483 3762 {nonnullis
496 3677 584 3742 locis
602 3677 745 3762 Dictyos
761 3679 885 3764 aliquid
900 3679 981 3743 mali
997 3697 1019 3741 a
1035 3679 1125 3743 mala
1134 3697 1211 3742 esse
1221 3677 1393 3761 objectum

296 3779 420 3846 mauu!
457 3777 533 3844 Nec
545 3780 632 3844 euim
648 3778 776 3860 dubito,
792 3783 873 3865 quin
882 3779 998 3846 multis
1013 3781 1048 3843 in
1058 3779 1143 3864 locis
1152 3779 1254 3844 etiam
1264 3779 1393 3843 librari-

298 3899 389 3945 orum
405 3881 508 3964 culpa
534 3880 684 3966 Scriptor
699 3883 754 3947 hic
776 3881 869 3948 foeda
891 3882 935 3949 sit
961 3881 1157 3965 stribiligine
1179 3880 1330 3966 vitiatus,
1356 3885 1393 3940 et

234 4031 242 4044 .
298 3979 555 4066 compluraeJus
570 3985 703 4065 generis
726 3983 828 4049 etiam
849 4002 936 4050 nunc
951 3983 1131 4065 supersint.
1174 3979 1393 4045 Eurumnun-
1503 3989 1507 3991 ·

299 4078 391 4144 nulla
401 4089 524 4145 nostrae
540 4082 833 4150 animadversionis
845 4083 899 4150 hic
910 4083 1131 4169 proferemus.
1154 4079 1212 4145 Sic
1225 4097 1248 4145 1.
1258 4081 1290 4146 4.
1304 4079 1394 4146 ‘Po-
