3028 4900
332 319 374 382 n
767 329 855 380 nne.
876 328 988 380 surus

331 479 415 542 elter
435 476 530 542 silim
549 475 664 560 (quem
678 479 853 544 mmebuut
874 496 919 544 ex
934 477 1008 544 tede
1027 477 1126 542 Jovie
1140 476 1294 543 Feretrii.
1337 477 1410 545 Vel.

331 577 472 643 maxim.
487 593 543 642 ιιι.
557 575 607 660 2.)
630 577 841 644 interimebat
853 578 999 658 animal3
1020 577 1189 642 interulis
1210 585 1246 642 et
1266 577 1343 644 hoo
1356 600 1412 644 ex·

330 678 478 742 clemens
493 697 502 742 ι
524 676 701 761 ‘Populus
716 677 890 743 Romarm
904 679 996 762 prior
1007 695 1073 742 uon
1088 677 1228 742 dedolet
1272 679 1312 744 Si
1324 682 1414 763 prior
1503 667 1504 678 ¹

330 777 467 854 defecit,
482 777 620 860 publico
648 777 806 853 consilio,
834 777 915 842 dolo
937 779 1085 854 melmin
1107 776 1166 842 illo
1182 779 1250 856 die,
1273 780 1416 864 Jupiter,

329 879 491 964 populum
521 877 708 942 Romanum
731 878 780 942 sic
801 876 911 954 ferito,
936 883 973 940 ut
992 894 1055 957 ego
1081 876 1168 940 huuc
1196 897 1333 960 porcum
1361 881 1415 946 ln'c

329 979 427 1044 hodie
440 979 579 1056 serium
600 981 761 1060 tantoque
783 977 891 1057 magis
912 975 1022 1053 serito,
1045 979 1294 1059 quantomagis
1319 985 1415 1062 potes

330 1076 526 1161 pellesque?
568 1076 643 1141 Irin.
660 1091 685 1138 ι.
697 1075 754 1140 24.
776 1081 810 1140 et
824 1089 881 1138 tx.
894 1077 926 1140 5.
969 1073 1080 1152 Quem
1096 1081 1242 1141 veterum
1257 1077 1415 1143 Foederis

329 1179 469 1246 feriendi
496 1177 722 1255 cerimoniam,
753 1175 812 1240 diu
838 1175 1034 1258 neglectim,
1056 1177 1090 1240 in
1117 1195 1215 1240 usum
1244 1180 1417 1244 revocavit

330 1289 411 1372 imp.
427 1284 600 1352 Claudius.
615 1283 754 1348 Sueten.
765 1281 884 1349 Claud.
894 1284 947 1348 25.

374 1389 452 1452 Hoc
463 1405 543 1452 vero
558 1385 642 1450 inter
657 1383 810 1448 Feciales
825 1389 966 1467 peracto
983 1383 1163 1462 sacrificio,
1174 1402 1231 1448 eus
1245 1385 1300 1449 ille
1315 1386 1370 1451 vel
1385 1388 1417 1451 in

329 1505 421 1549 mare
443 1487 495 1549 vel
517 1484 598 1549 alibi
622 1484 860 1566 abjiciebatnrt
882 1484 1008 1567 qnippe
1030 1486 1122 1548 vesci
1145 1483 1295 1564 victime,
1317 1507 1418 1570 super

330 1603 399 1668 que
422 1584 654 1669 jusjurandum
676 1589 887 1668 conceptum,
915 1585 1070 1668 religiose
1095 1585 1243 1649 vetitum.
1287 1585 1417 1651 Pausa·

331 1685 417 1764 nias,
433 1683 538 1749 Eliac.
553 1685 653 1768 prior.
668 1687 721 1749 24.
735 1684 847 1750 ubido
861 1684 1129 1765 Agamemnonem
1151 1704 1196 1749 ex
1212 1685 1318 1749 Hom.
1336 1687 1377 1752 ΙΙ.
1390 1713 1417 1750 r.

335 1783 503 1850 Videatur
517 1780 635 1851 Everlr.
651 1783 812 1863 Feithius,
829 1783 942 1867 Antio.
958 1783 1167 1849 Homericar.
1182 1801 1232 1846 ιν.
1247 1786 1302 1852 17.

372 1885 539 1950 Nummus
557 1886 612 1951 hic
627 1885 787 1950 Antistiae
808 1885 914 1968 gentis
939 1889 1110 1968 spectetur
1132 1885 1216 1949 inter
1229 1883 1418 1951 Wildienos

332 1983 453 2049 Seleot.
468 1987 544 2050 12⁴.
570 1987 671 2050 Num.
692 2007 791 2070 quem
818 1995 939 2066 temen,
953 1993 1111 2070 respectu
1133 1987 1418 2064 vestimentorum,

330 2085 514 2150 accuratius
527 2084 680 2168 depinxit
698 2093 733 2152 et
746 2089 782 2153 in
805 2087 1005 2173 Speciminis
1017 2088 1053 2153 8.
1067 2087 1152 2151 Tab.
1166 2083 1327 2170 produxit
1342 2087 1420 2154 Mo·

329 2185 451 2250 rellins.

372 2284 526 2365 Denique
538 2304 579 2348 eo
593 2287 668 2349 hmo
679 2285 773 2364 Vim.
784 2299 866 2347 vm.
880 2281 1042 2347 AEnoen
1057 2284 1186 2364 egregie
1195 2285 1421 2352 illustrentur:

456 2382 544 2443 Post
558 2381 657 2454 idem,
674 2382 761 2442 inter
776 2399 812 2442 se
827 2383 939 2462 potito
954 2383 1145 2458 certamine,
1161 2403 1253 2464 reges

456 2476 587 2542 Armati
601 2477 625 2540 J
627 2477 700 2541 ovis
716 2483 790 2543 ente
805 2496 906 2557 erem,
921 2487 1125 2562 paterasque
1141 2486 1294 2542 tenentes

456 2579 609 2656 Stabunt,
623 2585 659 2643 et
670 2597 765 2645 emsa
774 2580 960 2663 jungebant
973 2579 1103 2644 ioedere
1116 2597 1230 2662 porca.

330 2682 471 2748 Necnon
485 2699 560 2764 quee
575 2679 662 2744 idem
677 2677 786 2758 hebet,
800 2693 871 2743 xn.
893 2681 971 2744 AEn.
988 2681 1061 2744 170.

677 2929 749 2996 XI.
794 2931 1069 2998 IPHIGENIA.

705 3091 784 3155 Ins.
801 3106 825 3153 1.
847 3089 938 3156 Gar.
952 3092 1006 3156 21.

331 3236 524 3318 ‘Virginem
540 3235 681 3319 Ulysses
696 3243 730 3300 et
744 3211 923 3302 Menelaus
938 3257 1014 3302 cum
1027 3235 1205 3303 Calchante
1218 3238 1357 3323 (quibus
1380 3241 1418 3304 id

370 3337 540 3415 negotium
561 3335 674 3399 datum
697 3334 797 3419 eret)
818 3337 953 3399 remotis
975 3338 1092 3417 procul
1114 3339 1282 3416 omnibus,
1312 3340 1417 3402 sacri-

375 3433 454 3497 ficio
466 3433 662 3499 adornavit?

372 3549 587 3627 Irntcurnn,
598 3541 857 3631 Agamemnonis
871 3559 906 3616 et
924 3552 1206 3636 clytemnestram
1230 3555 1353 3637 deque
1365 3554 1414 3618 fa·

328 3655 417 3718 bulee
431 3652 604 3733 plurimum
618 3651 857 3734 discrepantes.
899 3652 985 3718 Cum
999 3661 1094 3735 peter
1107 3657 1140 3718 in
1153 3654 1277 3726 Aulide
1292 3654 1413 3718 Diauee

330 3771 461 3818 sacrum
476 3771 607 3816 cervum
630 3752 820 3838 imprudens
842 3753 1033 3832 occidisset,
1047 3756 1218 3838 indignata
1234 3755 1320 3836 Dea,
1337 3751 1436 3818 tem?

327 3858 458 3935 pestate
484 3853 664 3930 concitata,
695 3853 887 3918 Graecorum
908 3856 942 3920 in
966 3855 1082 3918 Asiam
1107 3849 1282 3939 trejectum
1306 3872 1415 3918 mora·

327 3953 435 4017 betur.
479 3951 556 4030 Qua
569 3952 727 4018 decanea
741 3974 817 4020 cnm
830 3962 926 4022 vates
941 3957 1201 4043 consulerentur,
1215 3971 1413 4038 responsum

329 4053 483 4132 sanguiue
505 4045 768 4136 Agamemnonio
790 4057 937 4126 Dianam
965 4076 1041 4124 esse
1068 4057 1278 4142 placandam.
1322 4051 1412 4136 Ergo
