3028 4900
756 343 841 392 ΜΗ).
864 343 975 394 sensns

631 628 854 748 sennan
908 629 1135 714 innnn.

476 885 601 950 XXV.
647 882 966 963 ALEXANDER,
989 899 1074 948 siva
1097 883 1253 951 PARIS.

719 1051 798 1115 lna.
817 1069 840 1114 ι.
864 1049 957 1116 Gne.
972 1049 1005 1114 3.

320 1221 330 1251 ι
345 1217 413 1282 Per
427 1217 515 1281 idem
529 1223 661 1300 tempus
678 1214 872 1280 Alexander
886 1214 1062 1301 Phrygios,
1078 1214 1203 1280 Priami
1218 1213 1320 1291 iilius,
1337 1231 1413 1276 cum

362 1319 471 1382 AEnea
494 1317 636 1399 aliisque
659 1335 704 1380 ax
726 1319 1014 1400 consanguinitate
1028 1316 1214 1394 comitibus,
1230 1315 1363 1397 Spartae
1379 1313 1414 1374 in

362 1416 497 1481 domum
513 1415 661 1480 Menelai
676 1417 824 1498 hospitio
846 1424 1020 1502 exceptos,
1044 1417 1309 1500 indignissimam
1331 1413 1414 1478 faoi-

363 1535 425 1580 nus
441 1515 708 1600 perpetraverat!

362 1664 494 1742 Panis,
510 1664 649 1743 Priami,
662 1665 881 1748 Trojanornm
903 1665 1110 1749 regis'filins,
1131 1665 1238 1749 patris
1253 1665 1359 1748 jussu
1381 1663 1413 1726 in

320 1767 425 1850 sylvis
439 1767 627 1850 expositos,
642 1773 821 1850 postquam
836 1773 939 1831 mater
955 1767 1100 1832 Hecuba
1112 1767 1148 1830 in
1163 1764 1290 1829 somnis
1308 1783 1347 1828 se
1366 1761 1416 1826 ia·

320 1885 391 1930 eam
403 1885 518 1949 parare
533 1867 606 1932 visa
621 1874 721 1946 asset,
735 1875 768 1934 et
779 1874 875 1933 vates
889 1887 1027 1952 puerum
1042 1866 1181 1951 Trojani
1194 1865 1322 1932 excidii
1338 1881 1415 1929 oau·
1505 1895 1506 1958 ι

320 1982 391 2028 sam
405 1966 474 2028 iore
485 1967 745 2049 respondissent.
789 1968 899 2035 Mater
912 1975 1023 2034 tamen
1038 1970 1180 2046 curavit,
1196 1972 1231 2032 nt
1245 1967 1332 2029 inter
1338 1980 1417 2048 pas·
1505 1965 1506 2040 ᾖ

319 2079 410 2138 tores
434 2071 547 2138 ldaeos
561 2073 674 2138 inrtim
688 2061 873 2141 nutriretis.
918 2079 972 2143 lbi
989 2079 1059 2162 jam
1081 2077 1230 2153 adultos,
1244 2073 1415 2138 OEnonem

319 2173 497 2256 nympham
513 2175 656 2255 amavit;
677 2173 795 2260 (Ovid.
818 2193 852 2238 v.
876 2176 1016 2241 Heroid.
1032 2175 1158 2258 Epist.)
1178 2193 1252 2255 qnae
1280 2189 1416 2256 qnoque

319 2273 541 2352 postmodnm,
555 2274 689 2337 Paridis
705 2293 819 2352 rogum
835 2271 1074 2349 conscendens,
1089 2273 1209 2354 laqueo
1225 2271 1290 2335 sibi
1302 2271 1416 2354 gulam

318 2367 427 2450 fregit.
473 2369 630 2449 Apollod.
649 2385 702 2429 ιιι.
717 2369 858 2431 Tzetzes
873 2371 905 2430 in
922 2369 1129 2450 Lycophron.

364 2466 517 2530 Ceterum
532 2466 574 2530 de
588 2467 764 2531 formarum
782 2469 867 2532 inter
883 2469 976 2534 Deas
995 2467 1133 2533 Judioio
1154 2468 1210 2532 hio
1234 2489 1302 2532 non
1318 2489 1417 2554 repe·

321 2573 437 2646 temus,
459 2570 681 2651 quae'oitatus
699 2567 805 2646 Naso,
822 2585 887 2634 xv,
913 2568 1055 2634 Heroid.
1079 2568 1187 2650 Epist.
1209 2565 1328 2645 Silius,
1347 2585 1417 2631 νιι.

320 2668 438 2734 Punic.
450 2671 524 2735 465.
546 2669 724 2754 Apuleios,
737 2684 776 2733 x.
791 2668 998 2736 Milesiaoar·
1013 2668 1329 2745 Dares,v11.etsie
1345 2671 1416 2736 bre-

320 2771 404 2834 viter
418 2770 570 2852 Propert.
587 2787 627 2832 ιι.
642 2771 675 2834 2.
689 2771 747 2834 ubi
762 2789 858 2836 snam
874 2772 990 2837 laudat
1004 2772 1169 2854 puellam:
1198 2763 1202 2772 '

321 2866 331 2872 ”
408 2867 526 2930 Cedite
534 2869 617 2949 jam,
634 2869 745 2946 Divae,
761 2890 846 2952 quas
860 2855 973 2952 pastor
987 2872 1114 2935 viderat
1127 2869 1208 2934 oiim

450 2966 552 3031 Idaeis
565 2968 712 3032 tunicam
726 2988 852 3052 ponere
875 2971 1065 3036 verticibus.

323 3065 442 3150 Neque
462 3068 503 3132 de
526 3068 666 3134 Helenae
688 3076 799 3154 raptu,
820 3091 897 3154 quae
911 3069 1084 3150 Columnis,
1094 3071 1152 3135 lib.
1164 3070 1205 3134 de
1225 3071 1330 3156 Rapt.
1341 3071 1414 3138 He·

200 3251 203 3260 1
322 3169 420 3246 lenm,
437 3168 558 3233 Horat.
573 3169 636 3234 Od.
654 3189 691 3236 ιι.
706 3172 760 3236 le.
775 3173 911 3256 aliique.

366 3270 543 3334 Inducitnn
558 3280 670 3336 antem
686 3275 809 3355 'parum
834 3282 998 3358 attenuas
1023 3281 1059 3338 et
1077 3292 1224 3346 amorum
1239 3293 1339 3356 qnam
1363 3293 1413 3338 ar·

323 3389 451 3436 morum
475 3371 580 3452 magis
606 3373 791 3438 studiosus.
836 3375 1008 3439 loteremit
1029 3381 1138 3439 tamen
1155 3373 1330 3453 Achillem,
1345 3381 1413 3440 tan·

324 3470 465 3553 demque
488 3490 509 3535 a
527 3469 665 3553 Pyrrho,
686 3474 757 3536 sive
778 3474 980 3554 Philoctete,
994 3482 1033 3540 nt
1055 3476 1124 3553 alii,
1146 3480 1199 3538 est
1225 3475 1413 3540 confossus.

322 3572 412 3637 Vide
427 3592 501 3655 quaa
516 3572 559 3635 ad
571 3572 715 3657 Dictym,
731 3592 782 3638 ιν.
797 3576 849 3640 19.
1356 3559 1363 3574 ’

362 3673 468 3738 Porro
492 3673 556 3738 hoc
583 3674 762 3740 Numisma
785 3682 837 3742 est
859 3677 938 3760 imp.
960 3677 1121 3742 Antonini
1143 3675 1208 3755 Pii,
1228 3682 1410 3760 spectatur·

323 3795 388 3860 que
403 3775 493 3859 apud
508 3777 679 3860 Sponium‚
690 3776 872 3844 Reoheroh.
888 3795 1001 3844 xxiv.
1016 3779 1091 3844 384.
