3044 4896
379 323 427 368 nn
451 323 570 372 nunno
593 323 765 374 uncssno
792 326 863 378 nro.
888 327 937 374 ιν.
1139 315 1205 382 eto

108 464 197 530 nium
212 461 303 524 votis
318 462 464 526 omnium
479 463 607 545 deligit.
650 465 708 530 Itu
734 465 870 532 resectis
893 468 971 533 cibo
992 470 1203 554 corporibus,

109 563 273 645 reliquum
288 561 397 625 noctis
413 582 487 628 cum
502 564 613 645 quiete
627 568 825 647 transigunt.
857 567 907 632 At
919 568 1006 652 lucis
1020 571 1202 654 principio,

109 665 228 729 urmeti
242 663 457 744 instructique
471 681 532 746 pro
546 667 678 746 negotio
694 667 926 748 egrediuntur:
945 687 1053 753 neque
1068 672 1201 753 segnius

108 785 129 830 u
152 763 333 829 Memnone
349 771 473 840 ectum,
495 783 570 828 cum
587 785 653 848 quo
667 766 804 850 'l'rojeni
828 787 954 833 omnes.
998 769 1051 834 lu
1063 770 1139 836 hinc
1153 780 1202 838 ut·

106 884 174 949 que
188 865 266 928 iude
282 862 435 928 ordinato
448 865 614 942 exercitu,
637 867 787 948 proelium
801 867 938 932 initum:
961 876 1053 933 tum²
1068 870 1203 953 plurimi

106 967 280 1047 utriusque
307 965 421 1048 pertis,
443 973 482 1029 nt
498 967 532 1028 iu
548 967 608 1030 teli
624 967 814 1045 certamine,
829 969 966 1047 cadunt,
981 975 1040 1034 unt
1053 970 1115 1034 icti
1126 991 1203 1053 gre·

107 1066 189 1130 viter
204 1066 319 1148 preelio
334 1064 506 1130 decedunt.
550 1066 590 1130 Iu
606 1086 673 1150 quo
690 1068 779 1133 bello
794 1067 997 1134 Antilochus
1021 1069 1203 1136 Nestorisl

105 1167 225 1232 obvius
253 1166 338 1230 forte
365 1166 539 1233 Memnoni
567 1168 769 1233 interficitur.
831 1170 985 1253 Moxque
1006 1169 1110 1255 Ajex,
1141 1175 1201 1242 ubi

105 1276 238 1351 tempus
249 1267 358 1332 visum
373 1275 435 1344 est,
457 1270 540 1332 inter
553 1274 727 1350 utramque
743 1269 853 1332 aciem
867 1288 1076 1352 progressus,
1089 1272 1201 1338 luces·

105 1370 149 1434 sit
168 1387 288 1449 regem,
310 1369 475 1452 praedicto
489 1368 583 1451 prins
599 1368 716 1451 Ulyssi
730 1376 765 1432 et
778 1368 969 1448 Idomeneo,
985 1389 1005 1434 u
1019 1371 1139 1434 ceteris
1152 1372 1201 1438 uti

105 1489 141 1534 se
155 1469 392 1535 defenderent.c
422 1470 527 1552 Igitur
542 1468 702 1536 Memnon
717 1468 776 1533 ubi
790 1471 833 1534 ud
849 1489 887 1534 se
903 1470 996 1536 tendi
1011 1471 1114 1550 videt,
1126 1491 1202 1538 cur·

104 1589 141 1633 ru
155 1569 296 1648 desilit,4
312 1571 526 1654 confligitqne
540 1569 645 1654 pedes
661 1590 737 1634 cum
751 1569 869 1653 Ajace,
883 1589 1006 1653 magno
1029 1573 1200 1656 utriusque

104 1673 208 1754 pertis
222 1678 309 1737 metu
325 1678 424 1755 utque
437 1673 679 1757 expectatione.
711 1673 798 1738 Tum
812 1673 883 1738 dux
896 1679 1008 1738 noster
1021 1692 1151 1740 summu
1165 1675 1199 1738 ri

104 1771 282 1836 umbonem
298 1775 387 1836 scuti
403 1770 502 1858 ejusd
524 1773 591 1836 telo
606 1773 641 1834 in
663 1773 869 1855 aliquantum
891 1772 1044 1849 loretum,
1063 1775 1199 1854 grovis⁵

104 1878 203 1954 atque
218 1875 354 1937 summis
369 1875 494 1938 viribus
518 1875 685 1955 ingruenS,
706 1874 850 1956 impulit,
866 1871 1030 1955 vertitqn‘e
1051 1872 1085 1934 in
1098 1873 1199 1936 lutus.

105 1971 183 2050 Quo
199 1973 284 2051 uiso,
298 1976 384 2055 regis
395 1975 535 2038 comites
551 1992 737 2051 accurrere,
752 1972 889 2058 Ajacem
903 1967 1078 2038 exturbare
1093 1973 1199 2036 niten-

104 2081 165 2137 tes.
211 2075 299 2139 Tum
314 2075 467 2140 Achilles
488 2076 546 2139 ubi
568 2094 589 2138 a
610 2075 761 2138 barbaris
786 2073 943 2138 intercedi
964 2072 1066 2150 videt,
1090 2074 1198 2157 pergit

103 2182 230 2252 contra,
253 2184 285 2241 et
309 2178 472 2242 nudatum
500 2183 597 2241 scuto
621 2177 727 2241 hostis
744 2176 898 2259 jugulum
911 2174 1007 2238 hoste
1022 2173 1196 2254 transfigit.

103 2275 163 2357 [7.]
185 2277 241 2340 lta
265 2284 385 2359 preeter
407 2298 501 2361 spem
524 2278 694 2344 interfecto
716 2267 904 2352 Memnone,
926 2276 1029 2338 animi
1051 2273 1198 2336 hostium

105 2386 359 2455 commutentur,
378 2385 412 2442 et
426 2378 555 2446 Graecis
571 2388 673 2444 encta
686 2379 829 2443 fiducie:
847 2379 985 2462 Jamque
1000 2376 1197 2458 AEthiopum

104 2496 201 2542 versu
216 2482 300 2557 acie,
308 2481 420 2559 ,nostri
436 2481 599 2545 instantes
614 2481 749 2546 caednnt
762 2479 944 2565 plurimos:
966 2484 1034 2542 tum
1051 2476 1196 2559 Polyde-

103 2587 198 2642 mus⁸
220 2598 380 2644 renovare
403 2582 556 2664 proelium
579 2582 729 2663 cupiens,
752 2581 996 2644 circumventus
1009 2576 1052 2640 ed
1067 2588 1198 2658 postre-

562 2753 745 2776 ‘mnenon

99 2854 252 2902 menen-³
270 2850 410 2900 omittitur
422 2847 471 2900 tum
480 2853 505 2900 in
513 2851 611 2915 Delph.
623 2851 697 2900 deest
710 2863 810 2914 quoqne
820 2865 864 2912 que
873 2855 932 2912 post
941 2863 1005 2906 nux,
1013 2853 1042 2896 et
1053 2860 1123 2910 prou
1134 2853 1195 2898 ente

99 2917 185 2966 ceteris
196 2916 386 2978 legiterae—4
397 2917 492 2983 Delph.
501 2916 648 2966 desiliit-t
661 2915 756 2980 Deiph.
766 2915 940 2978 preciose-6
951 2913 1045 2977 Delph.
1056 2913 1197 2962 intrauerat.

593 3062 701 3112 NOTAE

132 3156 300 3206 bAntilochus
320 3157 439 3220 Nestoris]
463 3158 628 3209 Antilochum
669 3171 758 3207 omnes
774 3162 803 3209 et
820 3155 918 3204 excusi.
957 3154 1038 3205 Quium
1059 3154 1194 3204 lectionem

101 3247 115 3280 a
137 3231 276 3280 Memnone
299 3233 410 3280 occisum
428 3242 529 3284 ¹uturut
551 3234 628 3284 Hom.
669 3232 716 3279 viri
735 3229 877 3278 doctissimi
897 3228 972 3276 unice
991 3226 1195 3288 amplectentum

102 3305 153 3355 Od.
171 3312 202 3356 Δ.
221 3304 305 3359 Picti.
325 3306 516 3371 Pythone.
536 3307 629 3357 scribit
667 3305 786 3354 dicentes
807 3303 833 3352 id
853 3302 977 3352 scientem
997 3315 1119 3364 peccasse
1131 3302 1194 3350 Ovi·

101 3382 238 3432 Nestorem
249 3397 265 3430 e
280 3382 376 3432 Poride
393 3397 520 3446 pressum,
538 3383 627 3434 vulne·
668 3379 746 3440 dinm,
756 3393 814 3428 cum
825 3376 952 3427 foeminum
962 3377 1110 3440 loquentem
1120 3375 1195 3424 iudu-

100 3465 156 3506 reto
163 3457 218 3520 jem
228 3470 295 3520 equo
304 3471 394 3507 currus
402 3460 452 3522 rui,
461 3459 627 3509 Antilochum
667 3463 749 3516 cenet,
771 3454 814 3519 qui
833 3467 910 3504 sexus
930 3452 1033 3510 nomine¹
1049 3448 1105 3500 fere
1128 3451 1195 3500 sciet

100 3532 180 3580 tilium
196 3545 268 3579 suum
287 3533 448 3597 inclamasse,
465 3549 575 3600 eumque
585 3549 627 3586 ec·
668 3528 835 3579 confundere.
875 3527 927 3578 Sed
947 3527 1043 3590 Dictys
1064 3527 1143 3576 etiem
1161 3526 1194 3575 eh

98 3612 258 3660 currentem,
270 3613 298 3655 et
314 3607 435 3659 Paridem
446 3597 628 3673 sustinentem,
668 3607 787 3655 omnibus
798 3604 926 3659 dissentit,
937 3601 1168 3654 ο11111Α111111101111111
1177 3615 1194 3648 11

98 3699 114 3731 e
126 3682 268 3734 Memnone
280 3681 444 3733 interiectum
455 3684 542 3736 fuisse.
562 3686 627 3736 ovi·
666 3681 764 3730 Ρδῐίἀθ
775 3681 941 3730 111101911111111
953 3677 1053 3726 teribit'·
1185 3737 1187 3742 ,

101 3757 157 3805 dius
166 3767 241 3811 uero,
251 3753 277 3800 in
287 3753 370 3815 Epist.
381 3755 522 3822 Penelope
530 3761 626 3824 Ulysri,
698 3751 979 3814 culturensem]
1006 3750 1118 3800 ‘Se'ud
1131 3751 1192 3814 Ajc·

101 3828 267 3880 Antilochum
286 3825 318 3874 nb
337 3827 452 3877 Hectore
463 3833 576 3882 occisum
588 3834 626 3884 di.
667 3845 722 3880 cern
735 3828 857 3878 refertur.

9 3909 10 3912 ’
101 3907 152 3954 cit:
170 3903 250 3954 ‘Sive
262 3904 318 3966 quis
330 3901 494 3952 Antilochum
506 3908 627 3957 nerrshet
697 3905 710 3939 ‘¹
729 3901 926 3954 Umbcnemseuti
943 3900 1003 3962 eim]
1027 3901 1070 3948 lta
1084 3900 1117 3950 ed
1136 3916 1192 3953 vere

9 4005 10 4010 =
102 3980 135 4027 nh
147 3979 261 4028 Hectore
274 3975 389 4026 vietum!
411 3977 462 4026 Ubi
474 3979 576 4040 nitidum
588 3995 626 4032 re·
666 3981 727 4030 hum
737 3979 886 4030 cedrenus:
905 3990 980 4040 quern
993 3975 1142 4026 describere
1151 3991 1192 4025 su·

102 4052 218 4108 scribunt
236 4051 488 4115 ‘Anrphimechutn3‘
504 4055 546 4104 ulii
556 4055 566 4084 ⁴
577 4055 626 4105 Ar·
666 4055 799 4121 perredeo.
832 4051 918 4102 Umbo
937 4056 978 4099 est
990 4050 1102 4104 medium
1114 4053 1191 4106 scuti.

102 4126 260 4188 enituntur
290 4126 340 4176 Sed
355 4126 551 4180 ‘Antilochum'
562 4130 626 4182 Mes.
645 4186 647 4190 Α
697 4127 870 4205 ‘PelsdummJ
881 4127 931 4182 Qui
942 4127 1190 4207 temeusprdllom·
