3036 4918
333 403 381 454 nn
404 401 586 456 ursanum·
605 409 714 458 netur
738 409 911 464 aeuitur.
1116 405 1160 472 35

79 565 119 623 ¹ras
130 549 282 628 «βασιλεὺς,
297 549 328 626 ἐξ
337 546 511 633 οὗ’ὄ-Τρῶος,
525 550 573 612 uel
589 557 612 612 ci
632 559 680 614 τοῦ
701 552 787 614 Ἰλίου
814 557 952 632 βασιλεῖς.
994 557 1157 630 Videmus

79 649 114 712 in
136 649 190 712 his¹
210 647 339 712 eusdem
361 667 423 726 ree,
437 657 473 712 et
494 651 632 714 eandem
655 671 760 716 rerum
784 655 912 729 seriem,
928 657 1041 720 eadem
1055 662 1157 726 ferme

79 750 169 813 bona
182 755 214 813 et
234 751 340 828 mala3
357 748 452 831 jungi
476 751 598 814 Danao
614 751 810 834 Agenorem,
826 756 884 836 qui
905 757 1004 819 illiue
1015 767 1085 822 erat
1099 781 1158 843 pa-

80 853 179 924 treus,
207 867 282 930 quae
299 850 487 933 conjunctio
508 847 633 914 saltem
648 853 747 916 verbo
769 856 894 935 exponi
917 855 1102 936 debuisset,
1124 867 1161 925 nt

79 955 256 1027 constaret,
269 967 336 1031 qua
357 950 485 1013 ratione
507 950 664 1032 peritios
686 953 719 1014 in
743 952 831 1034 idern
852 973 954 1034 genus
976 963 1009 1020 et
1025 958 1159 1023 eandem

78 1051 246 1131 originem
262 1051 478 1113 convenirent»
499 1051 653 1114 Priamus
681 1057 715 1114 et
740 1052 884 1131 Helena,
905 1057 1005 1121 sicuti
1021 1058 1105 1140 jum,
1129 1067 1161 1123 et

1 1185 2 1195 κ
76 1156 179 1227 recte,
194 1151 318 1214 monuit
333 1148 515 1226 Maronea,
531 1159 565 1213 et
588 1151 670 1214 iecit
684 1151 862 1232 CedrenuS,
878 1156 936 1219 sed
957 1158 1161 1232 hauddubie

1 1285 2 1291 κ
77 1249 118 1312 tle
139 1269 213 1326 suo,
237 1270 312 1314 cnm
336 1249 520 1331 Agenorem
542 1251 625 1315 dicit
649 1251 759 1314 Danai
785 1251 987 1336 πὰτράδελφον.
1023 1258 1160 1336 ,nanae

75 1351 243 1416 videturin
258 1358 372 1415 nostro
382 1350 505 1434 Dictye
517 1351 701 1432 legendnm,
712 1370 778 1413 non
789 1349 935 1431 Hesiona,
944 1375 1004 1420 nec
1015 1353 1160 1437 Pleione,

77 1453 133 1516 sed
152 1448 310 1528 Plariano,
320 1450 408 1515 unde
423 1451 523 1514 facile
537 1451 668 1514 formari
682 1454 794 1534 potuit
808 1453 888 1517 illud
905 1452 1056 1535 Hesiona,
1070 1459 1160 1540 quod

73 1553 250 1635 praeferunt
274 1551 357 1615 Msti
379 1552 531 1634 Dictyos,
548 1571 614 1615 non
637 1552 702 1628 hic,
715 1553 772 1616 ubi
795 1554 979 1620 mutilatum
1000 1558 1159 1624 exhibent

73 1654 134 1718 hoc
150 1655 404 1736 nomen-prima
417 1649 562 1734 syllaba,
580 1655 757 1735 leguntque
782 1660 930 1730 tantum,
956 1655 1047 1733 Iona,
1076 1656 1158 1723 Ona,

76 1751 170 1830 Sana,
198 1755 341 1818 testibus
365 1752 515 1816 Mercero
536 1759 570 1816 et
585 1753 762 1830 Obrechto,
778 1755 836 1816 sed
852 1770 901 1816 ιν.
915 1755 969 1826 22.
990 1809 993 1814 .
1012 1757 1060 1820 At
1080 1758 1161 1819 anti·

73 1857 240 1937 quissima
261 1853 402 1916 Medici.
425 1853 526 1917 editio
547 1854 636 1916 haud
659 1853 853 1918 dubiesuis
873 1856 974 1919 etiam
993 1875 1037 1918 ex
1052 1854 1158 1920 Gonu

2 1983 8 1995 ¹
72 1955 306 2021 ‘Plesionem’
327 1957 382 2018 hic
397 1956 486 2035 legit,
503 1956 602 2036 plane
616 1957 666 2018 uti
687 1974 751 2017 uon
768 1955 914 2018 Mulelas
927 1957 1037 2034 modo,
1052 1957 1110 2020 sed
1127 1966 1161 2021 et

74 2057 263 2131 cedrenus,
280 2056 335 2137 qui
350 2073 529 2118 consensus
549 2074 614 2117 non
629 2052 758 2116 videtur
781 2059 903 2118 temere
926 2056 1159 2140 repudiandus,

72 2157 228 2240 quamvis
245 2155 412 2236 ceteroqui
429 2173 533 2236 neque
553 2153 735 2226 ‘Pleione'
755 2173 861 2235 neque
884 2155 1082 2233 ‘Plesiona,¹
1102 2176 1161 2219 ne-

73 2277 137 2339 que
150 2262 161 2290 ‘
175 2253 348 2319 Hesiona’
363 2255 449 2317 inter
464 2255 576 2316 Danai
589 2252 674 2314 filias
686 2259 881 2316 memoretur
892 2255 935 2316 ab
950 2254 1003 2330 iis,
1018 2255 1160 2336 qniillas

72 2371 115 2420 ex
131 2355 283 2438 professo
306 2359 508 2430 enumerant,
523 2351 729 2434 Apollodoro
745 2359 781 2414 et
804 2353 963 2434 Hygino:
986 2359 1102 2416 contra
1116 2355 1159 2417 ab

72 2456 228 2521 omnibus
254 2453 397 2517 Atlantis
421 2453 670 2528 exordiantur,
696 2471 762 2514 nou
787 2452 908 2527 Danai,
932 2453 998 2532 sed,
1030 2451 1159 2522 Oceani

73 2557 176 2634 Filia,
199 2557 270 2618 sive
293 2553 477 2628 ‘Pleione’
500 2554 573 2617 sive
599 2551 754 2627 ‘AEthra,’
772 2552 913 2616 nomine.
944 2553 999 2620 ,In
1015 2555 1083 2614 uno
1099 2571 1158 2618 au·

73 2661 136 2720 tem
168 2675 316 2720 seorsum
348 2653 419 2716 abit
440 2671 462 2711 a
482 2651 643 2726 Septimio
672 2647 827 2722 MulelaS,
849 2649 910 2708 sed
939 2649 1032 2710 haud
1061 2651 1160 2716 dubie

74 2757 156 2820 vitio
182 2753 350 2816 memoriae
376 2745 429 2809 vel
451 2744 668 2822 negligentiae,
685 2744 771 2822 quod
788 2743 958 2804 Atlantem
982 2745 1070 2807 hunc
1085 2747 1161 2811 Ple·
1223 2770 1225 2777 ·

74 2858 189 2920 aiones
203 2853 288 2931 iacit
302 2847 405 2908 fitium
427 2850 461 2906 et
475 2842 618 2905 Electrae
629 2842 772 2916 fratrem,
784 2860 859 2904 cum
882 2827 936 2904 ex.
948 2842 1023 2925 ipso
1038 2844 1161 2926 Dictye

1 2973 2 2980 ¹
72 2961 193 3020 nostro
208 2948 296 3012 haud
323 2948 440 3018 minus,
455 2959 553 3024 quam
573 2959 617 3002 ex
637 2939 789 3002 omnibus
812 2939 887 3002 aliis
901 2946 1043 3019 constet,
1064 2945 1161 3007 meri-

75 3064 145 3118 tum
158 3053 264 3115 fnisse
280 3047 438 3110 Pleiones
453 3043 524 3138 sive
539 3040 719 3110 Hesiones,
735 3039 881 3103 Electrae
898 3049 1008 3104 autem
1023 3051 1159 3123 patrem.

77 3154 227 3235 Denique
243 3147 393 3212 videmus
415 3141 666 3226 praetermisisse
687 3158 744 3202 eos
765 3139 886 3219 pariter
902 3139 1159 3216 Erichthonium,

79 3254 136 3334 qui
164 3241 410 3315 interserendus
439 3249 510 3305 erat
539 3242 624 3302 inter
652 3236 846 3302 Dardanum
864 3242 910 3300 ,et
938 3237 1040 3314 Troe,
1064 3238 1161 3320 hujus

1 3353 3 3423 i
79 3355 201 3432 quippe
214 3353 319 3430 pater,
333 3344 424 3407 illins
439 3341 537 3405 filiun.
582 3337 703 3418 Neque
718 3337 828 3402 omisit
847 3357 921 3401 eum
937 3338 1063 3402 Noster
1075 3339 1161 3402 infra

82 3467 130 3511 rv.
145 3450 199 3514 22.
215 3449 272 3510 uhi
291 3444 422 3528 plenius
446 3439 606 3505 familiam
620 3442 826 3519 apostema
844 3439 999 3506 Dardani
1014 3442 1159 3523 exponit.

82 3551 191 3632 Culpa
205 3549 278 3630 ejus
301 3548 348 3608 rei
365 3545 419 3619 hic
432 3542 501 3605 loci
513 3541 615 3630 ,haret
633 3538 723 3601 haud
743 3537 844 3602 dubie
858 3539 893 3602 in
916 3539 975 3602 illo
996 3541 1083 3621 ipso,
1098 3540 1156 3619 qui

1 3633 2 3638 ἵ
81 3659 231 3730 tempore
250 3645 394 3710 Neronis
420 3642 578 3707 Graecum
604 3639 700 3707 nohis
726 3639 850 3719 Dictyu
872 3640 1068 3720 composuit,
1090 3655 1159 3716 qno

81 3750 209 3832 pariter
228 3749 277 3810 usi
301 3745 445 3808 Malaios
468 3751 500 3806 et
522 3741 715 3822 SeptimiuS,
730 3745 767 3802 ut
788 3757 832 3800 ex
852 3739 953 3812 hisce,
968 3737 1032 3799 nisi
1053 3736 1159 3808 fallor,

1 3911 2 3914 ,
85 3847 216 3912 abunde
225 3853 328 3929 patet,
341 3847 373 3908 iu
387 3844 529 3906 eundem
544 3843 603 3904 hic
614 3840 799 3903 inciderunt
812 3855 960 3900 errorem.

1 4194 4 4265 i

95 3983 99 3996 ·
124 3962 237 4010 xvrrr.
261 3940 415 4027 Sequitur
428 3960 507 4005 mox
524 3938 614 4020 apud
636 3937 815 4000 Nostrum:
839 3931 1020 4016 ‘Agenoris
1035 3933 1160 4014 quippe

86 4047 183 4111 tilium
210 4046 404 4110 Phoenicem
426 4038 460 4105 et'
481 4041 600 4120 Dymae
625 4037 727 4128 patris
743 4033 908 4106 Hecubae,
919 4039 953 4095 et
967 4033 1066 4096 Ledae
1082 4049 1160 4094 con·

85 4147 313 4228 sanguinitatis
325 4143 483 4224 originem
499 4132 686 4201 dimisisse!
707 4134 793 4212 Quae
809 4133 857 4196 ita
873 4129 1014 4198 Malelas
1027 4150 1161 4216 expres·
