3036 4918
339 312 383 378 ⁴2
603 325 682 374 sno.
707 321 896 372 esnrnorur
923 321 1166 372 nussnnnsuro

339 467 381 532 de
406 462 554 530 ‘AEthru'
576 467 697 532 comite
724 465 874 542 Helene,
889 481 966 546 quse
988 461 1084 527 suerit
1104 467 1208 526 meter
1231 461 1369 538 Thesei,
1387 469 1421 528 et

338 585 416 650 qum
432 567 506 630 ideo
522 565 776 648 Demophoonti
790 563 913 630 Thesei
930 562 968 626 F.
980 567 1075 626 extro
1085 560 1232 628 ordinem
1241 563 1420 644 assignate,

341 682 390 731 ιν.
406 667 459 732 13.
478 667 609 732 redierit
628 671 705 750 post
720 673 855 748 ceptum
874 663 1012 746 Trojem
1027 662 1188 740 Athenas,
1204 661 1294 745 quod
1309 681 1331 726 n
1345 681 1419 726 vero

337 775 387 834 est
401 767 651 839 alienissimum,
660 773 696 828 et
706 765 781 828 ideo
790 765 863 847 jem
877 763 921 826 ab
936 765 1021 845 ipsis
1029 758 1209 828 Veteribus
1224 761 1419 844 explosum:

335 865 547 932 de‘Gestore
561 870 594 929 et
618 864 777 940 Polluce‚’
799 863 939 926 Helenae
960 861 1129 938 frutribus,
1152 861 1261 928 udhuo
1280 862 1421 926 uiuenti·

335 967 400 1030 bus
415 972 563 1032 extremo
578 963 654 1030 belli
669 963 806 1048 ijeni
821 980 920 1038 enno,
937 977 992 1027 ru.
1004 961 1057 1027 25.
1074 961 1118 1027 de
1145 961 1323 1024 Memnone
1347 959 1421 1024 ‘Ti-

335 1067 430 1132 thoni
448 1074 549 1150 ntque
572 1063 731 1140 Aurorm,'
753 1084 824 1141 seu,
839 1070 878 1128 ut
900 1064 949 1128 nit
964 1079 1014 1126 vr.
1040 1063 1093 1126 10.
1117 1061 1317 1126 ‘Hemerae'
1339 1060 1420 1136 filio,
1508 1116 1511 1173 Ξ

334 1169 393 1252 qui
408 1173 501 1232 ‘eum
517 1165 946 1249 IndisntqueAEthiopihus
960 1167 1002 1228 eh
1017 1164 1110 1248 jugis
1125 1163 1269 1229 cunensi
1280 1161 1418 1228 montis'

333 1268 472 1351 Trojem
495 1269 634 1344 venerit,
651 1285 702 1332 ιν.
717 1273 748 1330 t.
791 1266 879 1331 'l'nm
897 1267 985 1349 quod
1008 1267 1048 1331 Io
1069 1265 1150 1330 dioit
1172 1269 1237 1328 ‘ex
1263 1263 1419 1328 Sidonio·

333 1387 404 1432 rum
421 1371 549 1450 regione
562 1369 572 1395 '
592 1375 721 1450 reptem
736 1369 779 1432 eb
790 1368 924 1450 Argivis
939 1385 978 1430 n.
999 1368 1052 1432 26.
1067 1368 1154 1451 qnod
1171 1385 1215 1430 ex
1228 1364 1418 1440 Herodoto,

334 1485 430 1547 quem
445 1467 542 1530 lih.1.
558 1469 636 1548 ipso
652 1469 686 1530 in
701 1468 798 1530 initio
814 1467 931 1532 videus
946 1469 1057 1544 uelim,
1072 1472 1107 1532 et
1126 1487 1200 1532 oum
1215 1472 1326 1530 nostro
1343 1485 1418 1530 oon-

332 1565 430 1641 ierus,
445 1569 602 1632 aberrans
617 1569 721 1631 nostri
737 1567 885 1632 euetor'm
906 1569 1065 1633 memorie
1084 1567 1215 1632 videtur
1239 1567 1417 1630 sumsisse:

333 1667 476 1750 denique
490 1670 579 1752 quod
594 1668 777 1751 Telephum
791 1669 873 1734 feeit
886 1669 1012 1750 Regem
1027 1667 1182 1734 ‘Moesioe
1194 1668 1203 1695 '
1217 1671 1251 1733 in
1268 1667 1418 1750 Europe,
1511 1705 1512 1720 ,

332 1769 419 1832 unde
433 1769 581 1835 difficilis
604 1776 695 1834 esset
718 1771 889 1852 nevigetio
903 1770 1040 1853 'l'rojttm
1062 1789 1189 1848 versus,
1211 1788 1271 1833 nec
1284 1769 1416 1833 institui

332 1870 507 1934 commode
532 1877 648 1953 posset
676 1871 740 1934 nisi
766 1871 861 1935 initio
885 1871 986 1942 veris,
1009 1879 1211 1955 quopropter
1240 1879 1274 1934 et
1303 1870 1417 1937 Graeei

330 1969 406 2032 inde
428 1969 581 2033 redierint
595 1973 628 2034 in
644 1972 823 2047 Boeotium,
838 1971 938 2036 ut-ite
948 1973 1094 2055 sequenti
1109 1973 1241 2036 demum
1254 1991 1352 2049 enno,
1368 1992 1419 2034 re·
1509 2010 1510 2030 .

330 2074 480 2150 petentes
491 2069 575 2133 hanc
587 2072 840 2152 navigationem,
850 2072 988 2156 Trojem
1002 2074 1112 2156 ipsam
1122 2073 1314 2138 invaderent
1329 2088 1370 2136 rr.
1384 2075 1417 2137 7.

329 2189 406 2233 cum
418 2169 515 2258 suerit
525 2170 583 2234 ille
606 2170 684 2235 Rex
698 2171 819 2256 Mysim
834 2173 870 2236 in
884 2173 981 2248 Asin,
1010 2175 1152 2254 regionis
1167 2193 1242 2253 qum
1258 2175 1417 2256 proxime

253 2321 258 2334 .
330 2270 535 2350 eret'I'rojae.
578 2269 668 2333 Vide
690 2273 738 2332 ibi
760 2271 897 2332 doctiss.
921 2269 1117 2350 Momentum,
1134 2273 1191 2352 qui
1206 2279 1240 2335 et
1253 2273 1320 2338 alie
1335 2295 1418 2358 pes·

329 2367 391 2426 sim
407 2368 589 2440 annotavit,
604 2369 703 2446 inque
723 2369 768 2429 iis
789 2368 888 2430 etiem
910 2370 1056 2433 maleex
1073 2371 1221 2434 Homero
1234 2373 1416 2460 descripte.

328 2463 377 2526 Ut
390 2463 473 2527 edeo
489 2470 610 2527 eertum
634 2483 680 2528 ex
695 2464 789 2529 hisce
802 2467 955 2530 omnibus
967 2469 1022 2542 sit,
1044 2469 1148 2531 fuisse
1171 2489 1246 2531 eum
1262 2490 1328 2533 non
1346 2496 1418 2540 mo-

328 2564 371 2630 do
393 2585 457 2629 non
484 2565 614 2630 socium
640 2567 736 2631 istius
764 2567 996 2651 expeditionis,
1017 2567 1094 2651 'quo
1116 2573 1307 2652 peetotnm
1338 2593 1427 2652 gra:

326 2668 411 2732 viter
425 2669 458 2733 in
477 2669 544 2734 illis
565 2689 669 2733 errore
694 2689 761 2733 non
777 2671 954 2752 potuisset,
969 2669 1027 2734 sed
1043 2673 1120 2753 ipso
1137 2669 1235 2734 etium
1263 2668 1414 2740 Homero

327 2772 495 2834 seriorem.
1390 2783 1395 2792 “

370 2883 481 2929 xxiv.
504 2867 609 2928 Porro
633 2864 995 2948 etiam'quemplurima
1016 2872 1189 2953 poetarum
1212 2873 1412 2955 commenta,
1432 2909 1433 2914 ¹

280 2973 282 2981 ⁴
324 2966 406 3026 nihil
422 2967 491 3027 veri
507 2965 715 3043 continentia,
727 2972 760 3028 et
775 2973 885 3031 tamen
899 2969 967 3045 hio,
982 2972 1012 3032 si
1032 2972 1106 3034 Diis
1121 2973 1244 3053 placet,
1259 2996 1320 3058 pro
1330 2999 1411 3042 vero
1512 3009 1513 3040 3

324 3066 422 3129 nobis
444 3068 623 3145 venditata,
648 3069 877 3152 auctoritatem
897 3069 982 3154 ejus,
1004 3079 1040 3134 et
1060 3073 1206 3136 maxime
1229 3078 1411 3160 antiquita·
1512 3155 1513 3160 γ

324 3174 392 3230 tem
408 3175 545 3244 tentum,
561 3186 699 3249 prorsus
721 3168 851 3233 elevant
871 3177 903 3234 et
924 3171 1104 3237 destruunt.
1148 3174 1233 3238 Tele
1256 3187 1309 3242 est
1331 3179 1410 3243 Pul·
1512 3181 1513 3216 ἒ

323 3268 459 3342 ledium‚
473 3287 537 3348 quo
554 3269 664 3332 ublato
686 3271 831 3334 exitium·
844 3271 957 3354 TroJee
980 3273 1188 3340 immineret:
1214 3278 1331 3360 Equus
1347 3281 1408 3362 lig·
1512 3267 1513 3352 i

322 3383 414 3440 neue,
436 3367 532 3448 eujus
553 3368 585 3429 in
609 3370 721 3431 urbem
744 3370 922 3434 inducendi
947 3391 1050 3436 cause
1074 3373 1210 3458 Trojeni
1232 3381 1408 3444 confestim
1512 3365 1513 3396 ³

322 3465 507 3548 primodie,
524 3468 621 3547 quusi
633 3487 787 3548 magnum
802 3469 835 3531 in
849 3483 943 3534 mor'n
957 3474 1141 3553 perieulum
1156 3485 1257 3553 esset,
1279 3485 1407 3559 portum

311 3572 481 3634 ,et-muros
504 3568 598 3630 urbis
620 3568 823 3650 dejecerint:
848 3571 937 3634 Muri
961 3573 1096 3656 hiipsi,
1113 3581 1129 3622 ss‘
1143 3575 1292 3659 Neptuni
1309 3587 1407 3663 atque
1512 3569 1513 3604 ³

321 3667 737 3752 Apollinis-monument&
752 3669 816 3734 hoe
832 3679 893 3745 est,
908 3674 954 3735 ah
965 3673 1033 3736 illis
1049 3675 1136 3751 Diis,
1152 3683 1189 3742 ut
1209 3679 1406 3760 fingebatur,

320 3767 502 3832 exstructi:
527 3767 681 3842 Hecube
698 3768 799 3833 Parin
812 3770 959 3848 editura,
976 3777 1144 3840 somnians
1167 3757 1341 3860 seiparere
1357 3780 1405 3842 fn·

320 3886 404 3944 cem,
421 3859 753 3950 que'conflagreverit
767 3871 880 3952 Troje,
897 3877 1047 3956 exceptis
1070 3877 1198 3940 nedibus·
1223 3878 1404 3942 Antenoris

320 3975 353 4031 et
368 3970 497 4046 AEneee,
512 3969 653 4052 ideoque
669 3973 845 4054 expositus
866 3981 946 4038 tuno
963 3974 1071 4052 Paris,
1091 3976 1193 4058 idque
1216 3986 1334 4060 postes
1357 3999 1406 4042 re·

319 4065 427 4130 ferens
442 4071 514 4151 ipse
531 4071 708 4136 Priamus:
733 4073 884 4140 Helenus
903 4076 1028 4140 Priami
1045 4069 1082 4140 F.
1098 4080 1164 4141 fate
1180 4077 1291 4159 Trojee
1306 4099 1403 4144 enun-
