3036 4918
356 309 403 358 uu
425 307 605 358 ursrnnra
629 307 740 358 secur
763 297 970 362 recussu*
1142 299 1188 365 59

91 479 172 525 cum
188 471 322 525 snorum
347 475 424 542 ope,
441 457 631 539 detersisse,
654 479 795 544 quarum
810 461 959 526 omnium
972 461 1134 530 rationem
1149 465 1185 528 iu

90 560 200 626 Notis
225 579 290 624 uon
315 559 361 625 sit
386 558 592 645 redditurus)
619 562 679 626 vix
706 561 836 638 dubito,
861 561 941 647 quin
962 562 1028 644 legi
1053 563 1185 642 debeat,

90 660 255 745 ‘cognito
283 681 344 746 per
371 662 562 730 uniuersum
584 662 767 728 exercitum
799 662 953 746 proelium
981 681 1056 728 esse
1085 663 1119 726 io
1144 681 1186 728 ea

90 764 211 846 para:
253 763 347 830 Solet
367 764 455 830 enim
469 763 526 830 ille
540 765 713 850 participii
727 764 897 832 ablativus
908 764 958 829 ita
971 783 1049 830 cunr
1060 762 1186 830 infinito
1243 845 1247 854 ¹

89 863 251 930 construis
294 865 353 930 Sic
370 881 419 931 vr.
434 867 489 932 15.
504 862 568 934 bis.
612 868 689 934 ‘Ita
701 867 841 944 credito,
855 866 1062 950 Telegonum
1078 863 1122 930 ad
1137 865 1188 930 iu-

88 964 260 1031 ferendam
273 965 344 1032 vim
358 965 446 1060 Regi
464 966 673 1050 adventores
694 969 785 1048 dein,
802 968 956 1054 placent
975 968 1043 1047 hic,
1068 966 1188 1033 ‘Tele-

88 1085 211 1148 gonus,
236 1068 372 1150 cognito
394 1075 571 1153 parentem
595 1068 692 1136 esse.'
733 1069 816 1136 Tac.
830 1069 920 1136 Anu.
937 1086 988 1134 ιν.
1008 1070 1064 1136 86.
1077 1073 1189 1134 ‘com-

93 1173 196 1251 perto
208 1165 287 1232 licta
302 1168 336 1233 in
350 1187 428 1234 eum
442 1166 603 1235 orimioa’
647 1171 722 1236 Lis.
739 1187 884 1236 xxvrrr.
900 1172 956 1238 17.
977 1171 1102 1237 ‘Haud
1118 1169 1190 1236 cni·

89 1287 193 1352 quam
207 1269 325 1346 dubio,
338 1270 487 1354 opprimi
501 1269 625 1355 posse?
668 1271 758 1337 Mox
769 1271 947 1355 legendum
962 1271 1098 1337 omuino
1110 1289 1189 1336 cum

90 1370 234 1435 Barthio
248 1377 284 1436 et
297 1365 498 1456 l‘iudiugio,¹
510 1378 521 1409 ‘
533 1372 760 1440 confirmatis?
803 1375 862 1440 Sic
877 1372 981 1457 paulo
996 1377 1086 1451 ante,
1099 1377 1111 1410 ‘
1119 1373 1189 1438 dis-

88 1471 215 1554 positis
241 1471 326 1538 sutis
350 1473 510 1554 strenuis,
524 1474 583 1539 ubi
602 1477 775 1558 pugnabat
784 1475 805 1558 ;'
829 1480 863 1541 et
879 1475 931 1540 10.
962 1474 1113 1553 ‘relicto
1126 1474 1188 1540 nbi

90 1570 285 1655 pugnabat!

133 1674 263 1740 ruald.
286 1674 432 1760 ‘Neque
459 1677 566 1743 multo
592 1685 673 1762 post
693 1696 740 1744 err
761 1677 853 1743 alin:
878 1677 1103 1744 abnuentibus
1113 1674 1188 1757 jam

87 1773 327 1853 Barbarique
355 1778 430 1842 siue
445 1779 515 1843 ulla
540 1777 736 1846 difficultate
760 1777 888 1843 versis?
932 1775 1076 1843 Nullum
1089 1773 1191 1840 habet

85 1891 230 1940 sensnm
245 1878 328 1954 satis
337 1879 547 1945 commodum
561 1879 648 1946 illud
670 1876 939 1946 ‘abnuentibus’
981 1875 1105 1942 Putem
1121 1893 1191 1940 ma·

87 1993 173 2039 uum
200 1974 359 2058 Septimii
376 1977 499 2058 fuisse,
524 1978 773 2044 ‘abeuntibus’
817 1979 967 2044 Primum
995 1976 1082 2042 euim
1105 1975 1191 2042 Tro·

84 2076 161 2159 jani
175 2095 252 2141 cum
269 2077 469 2162 aliquandiu
484 2087 736 2166 oppugnassent
746 2079 1015 2157 frustravnllum,
1026 2083 1062 2142 et
1076 2076 1190 2144 Graeci

84 2177 159 2259 iam
173 2189 384 2262 erumperent
399 2201 445 2248 ex
460 2200 528 2246 una
550 2187 656 2265 parte,
679 2181 766 2246 ultro
788 2181 882 2247 abire
896 2178 1114 2263 incipiebant,
1123 2175 1192 2240 sed

88 2281 236 2345 mox‘ab
258 2283 505 2367 erumpentibus
518 2302 562 2348 ex
587 2281 655 2348 alia
670 2301 806 2367 qnoque
821 2285 926 2366 parte,
947 2281 981 2346 in
1004 2277 1117 2361 sogam
1141 2276 1192 2343 sa-

11 2409 12 2412 *
90 2376 364 2446 cilesuntversi.

136 2494 194 2544 ru.
230 2481 284 2548 14.
335 2481 542 2568 ‘Reliquias
576 2480 764 2567 (Patrocli)
793 2483 829 2548 ic
864 2499 983 2548 urnam
1010 2479 1192 2562 collegerat

92 2579 288 2663 (Achilles),
302 2583 473 2649 decretam
491 2583 620 2663 qnippe
641 2580 753 2644 auium
775 2580 919 2662 gerebat,
942 2597 1059 2642 secum
1080 2580 1115 2642 in
1132 2596 1193 2660 pa·

90 2683 193 2749 trium
208 2683 318 2747 solum
331 2682 382 2748 uti
394 2679 583 2757 adveheret,
598 2680 650 2743 rel
666 2679 697 2743 si
709 2679 846 2746 senuna
857 2678 940 2742 inse
952 2695 1071 2742 casnm
1084 2683 1195 2742 mota·

12 2861 13 2874 χ
90 2791 155 2860 ret,
171 2801 240 2846 uua
255 2787 355 2864 atque
369 2779 488 2844 eadem
500 2779 670 2862 sepultura
684 2797 759 2844 cum
775 2779 949 2844 carissimo
963 2776 1030 2842 sibi
1045 2777 1193 2844 omnium

12 2891 13 2970 ξ
90 2879 249 2964 contegi’
290 2881 460 2963 lntegrum
472 2880 640 2963 exscripsi
649 2880 775 2956 locum,
790 2879 871 2964 quia
883 2897 929 2944 ex
939 2895 1027 2944 nexu
1038 2883 1073 2946 et
1085 2897 1195 2964 oppo-

12 2973 13 3058 ᾗ
93 2983 218 3049 sitione
231 2980 857 3066 rerumliqnerosatispnto,legondum
868 2980 1193 3058 esse,‘matnraret.'

95 3085 149 3150 De
169 3088 275 3150 morte
297 3083 388 3148 eninr
411 3083 532 3165 agitur,
547 3099 648 3166 quam
671 3084 839 3148 obiturum
865 3097 1002 3164 quoque
1015 3079 1192 3158 Achillem,

12 3179 13 3186 ’
95 3187 200 3254 serius
215 3191 275 3252 aot
298 3185 410 3265 citius,
429 3193 557 3250 certum
586 3191 672 3262 erat,
691 3183 751 3248 sed
780 3181 816 3247 id
845 3181 1017 3259 incertum,
1032 3200 1074 3247 au
1095 3182 1194 3246 mori-

95 3291 190 3354 turu's
204 3292 309 3366 esset,
322 3293 497 3371 antequam
511 3285 634 3352 rediret
658 3288 669 3321 ‘
680 3285 714 3350 io
735 3285 881 3368 patrium
903 3282 1039 3350 solum?
1081 3280 1193 3350 Casus
1256 3277 1258 3290 '

96 3392 159 3452 κατ’
175 3391 288 3476 ἰξοχῆν,
303 3393 337 3454 et
353 3407 413 3472 per
428 3383 576 3470 εὐφημίαν,
601 3386 734 3471 ponitur
754 3384 810 3450 bic
825 3383 1084 3468 probatissimo
1098 3404 1192 3463 casu

95 3492 161 3556 hoc
184 3499 245 3569 est,
266 3497 396 3556 mortae
418 3489 519 3573 plane
542 3493 581 3554 ut
604 3487 646 3552 de
664 3505 707 3551 ea
722 3486 833 3553 dicere
855 3483 1191 3565 solebautVeteres3

95 3593 151 3656 ‘si
172 3593 252 3677 quid
273 3593 339 3658 sibi
362 3589 552 3658 accideret:
595 3590 651 3658 lta
673 3589 813 3655 Sueten.
829 3585 919 3667 Aug.
934 3584 1010 3650 101.
1030 3588 1065 3648 et
1086 3582 1200 3670 (lalig.¹

13 3683 14 3704 l
96 3695 131 3760 3.
177 3691 302 3758 Noster
323 3693 409 3759 infra
424 3693 466 3757 de
487 3691 552 3758 hoo
573 3691 650 3776 ipso
666 3688 810 3765 Achille,
826 3701 878 3750 ιν.
892 3685 947 3751 13.
969 3683 1192 3750 ‘deflentibus

98 3796 230 3862 cunctis
243 3813 359 3860 casum
381 3793 464 3858 tanti
486 3790 570 3868 riri,’
585 3791 651 3857 hoc
667 3796 728 3866 est,
742 3793 893 3854 mortem·
939 3783 985 3849 Et
1000 3784 1050 3848 sic
1065 3785 1194 3867 passim
1268 3877 1272 3886 .

100 3897 190 3963 alibi.
390 3933 394 3939 ,
501 3941 505 3946 ·

142 4015 199 4064 rrr.
221 3996 277 4063 21.
298 3993 458 4080 ‘Quippe
471 3990 508 4058 hi
521 3990 576 4064 fisi
587 4009 689 4072 regno
704 4007 766 4071 per
773 3985 998 4070 juventutem,
1012 4000 1091 4048 cum
1106 4003 1194 4056 sem.

15 4132 16 4148 2
102 4119 159 4184 per
172 4097 377 4185 cupiditates
390 4093 493 4170 animi
513 4109 652 4179 quoquo
665 4089 768 4157 modo
781 4084 920 4171 explere
933 4078 1091 4169 gestiunt,
1106 4089 1194 4158 ultro
