3044 4896
316 257 382 324 eto
660 269 821 320 munros
843 267 1050 318 ornrnssrs

315 421 373 482 eui
385 431 451 478 nou
464 411 575 478 infesti
590 411 669 476 linio
682 431 794 494 regno.
820 411 943 478 Nonne
957 415 1078 492 sponte
1091 407 1265 492 supplices
1275 414 1315 472 nt
1329 411 1408 474 reri·

315 516 410 600 pient
423 531 499 578 eum
512 513 728 596 rogabimnsl
774 511 855 578 Non
869 512 957 576 omni
973 510 1073 575 modo
1088 508 1341 574 satirinoiemns
1353 511 1410 576 lus·

314 617 364 680 nis
373 615 445 698 jum
460 614 561 680 tutior
575 633 636 698 per
646 614 732 680 uos'l
777 612 855 678 Nou
869 613 904 676 lu
918 611 1064 676 iuturnm
1080 609 1199 675 saltem
1214 612 1411 676 reconcilia·

314 719 423 782 bimus
438 717 521 780 tulus
535 715 647 780 virosi
691 713 762 796 Ego
782 714 919 797 quidem
941 713 1045 779 ubibo
1068 713 1146 776 hinc
1160 712 1233 796 jum
1249 723 1286 776 et
1299 713 1408 776 ‹lisne-

314 818 392 884 drm
406 816 545 898 mugire,
561 833 671 898 neque
685 814 890 879 committam
910 821 948 878 nt
969 812 1108 878 ulterius
1131 812 1284 876 intersim
1307 813 1408 877 melis

312 919 444 984 nostris.
474 915 555 980 Fuit
568 924 700 998 tempus
715 933 784 997 quo
797 931 930 978 munero
945 913 978 976 in
994 913 1057 976 hec
1071 912 1208 976 civitate
1216 912 1408 995 jnourmum

313 1025 400 1092 erut3
422 1017 518 1092 rooii,
532 1016 645 1092 nmini,
660 1016 925 1098 propinquorum
950 1014 1058 1090 sulus,
1074 1014 1183 1096 patrie
1198 1013 1341 1096 denique
1357 1015 1408 1076 in-

312 1117 455 1182 oolumio
469 1119 631 1182 attinuere
644 1117 679 1180 in
692 1115 783 1179 huno
797 1115 897 1180 diem.
940 1113 1064 1179 Gontm
1077 1133 1165 1180 nuno
1183 1115 1267 1198 quid
1285 1115 1406 1180 horum

176 1263 182 1272 -
312 1237 382 1284 non
396 1219 614 1288 imminutum,
629 1222 688 1282 unt
701 1217 735 1280 in
749 1221 855 1280 totum
871 1215 1033 1281 subletum
1048 1216 1145 1282 nobis
1159 1218 1235 1281 estl
1260 1215 1295 1280 N
1297 1235 1341 1281 on
1357 1218 1407 1281 ie-

315 1337 384 1384 rem
399 1339 452 1386 mu
467 1339 543 1384 curu
558 1319 611 1382 hir
626 1317 757 1395 morari,
772 1333 910 1398 quorum
928 1335 1030 1398 opero
1043 1323 1187 1383 cuncta*
1201 1335 1281 1382 oum
1299 1319 1410 1400 patrie

315 1419 502 1484 concidere.
562 1417 606 1482 Et
625 1437 685 1481 eos
700 1416 847 1500 quidem,
862 1435 949 1500 quos
969 1419 1003 1481 in
1024 1417 1111 1483 bello
1127 1416 1260 1483 lurtum
1274 1419 1410 1501 eripuit,

314 1517 518 1600 utcumque¹¹
538 1518 612 1600 jum
635 1517 862 1600 sepelivimus,
883 1517 1142 1584 oonoedentibus
1166 1519 1252 1583 ultro
1272 1521 1408 1584 venium

313 1619 485 1684 hostibus:
500 1617 559 1684 sed
571 1625 750 1702 postquem
762 1619 912 1683 Deorum
927 1637 996 1683 erne
1011 1627 1110 1703 atque
1122 1619 1261 1684 delubra
1273 1621 1410 1701 sungui-

313 1737 356 1784 ne
368 1720 511 1784 humano
525 1737 584 1802 per
603 1719 717 1784 scelus
736 1718 860 1784 iniectu
879 1718 973 1796 sunt,¹
993 1721 1058 1786 lroo
1074 1721 1176 1788 etium
1192 1721 1367 1785 emisimus
1378 1718 1407 1785 εὰ

312 1821 439 1905 qnippe
455 1819 576 1902 quibus
597 1819 726 1903 majore
740 1817 926 1902 suppliuin¹
948 1829 1185 1903 postmortem
1213 1821 1408 1886 carissimo·

312 1939 384 1984 rum
399 1937 503 2002 quam
516 1919 640 2003 inipso
652 1921 835 1985 emissione
851 1922 1027 1988 subeundo
1040 1927 1126 1986 sunt.
1158 1922 1247 2002 Qum
1260 1941 1303 1986 uo
1318 1925 1410 1987 uoci-

312 2019 404 2094 emt,
418 2039 506 2084 nuno
522 2021 640 2086 saltem
662 2020 845 2103 providete.
888 2021 983 2088 Auro
997 2031 1098 2108 etque
1122 2023 1315 2107 hujusmodi
1331 2026 1408 2089 aliis

312 2120 460 2202 prumiir
488 2119 677 2184 redimenda
705 2121 816 2205 putria
841 2129 905 2186 est.
957 2124 1078 2189 Multus
1107 2125 1142 2188 in
1180 2123 1243 2188 huo
1272 2127 1409 2191 civitate

313 2217 399 2284 dites
412 2217 549 2298 domum
578 2219 698 2302 singuli
713 2239 774 2304 pro
788 2220 1006 2288 facultatibus
1028 2226 1061 2288 in
1084 2226 1229 2290 medinm
1254 2228 1410 2290 cousulu-

311 2335 396 2380 mus.
440 2318 614 2385 Postremo
638 2319 791 2386 offeretur
812 2341 875 2404 pro
895 2325 964 2388 vitu
978 2325 1143 2403 hostibus,
1158 2326 1247 2409 quod
1262 2346 1346 2392 mox
1361 2329 1409 2391 in·
1505 2339 1506 2346 ’

311 2417 409 2480 teritu
431 2424 543 2482 nostro
563 2419 711 2502 ipsorum
731 2421 880 2485 futurum
898 2431 963 2488 est.
1007 2424 1222 2510 Templomm
1247 2428 1407 2505 etiamsi

311 2535 447 2581 necuere
465 2519 538 2596 erit,
564 2521 764 2585 ornamentis
779 2542 841 2605 pro
861 2523 1088 2591 incolomitate
1109 2530 1226 2610 putriae
1249 2525 1406 2592 utendum

310 2624 372 2682 est.
415 2619 518 2684 solus
532 2637 611 2685 suus
625 2639 710 2704 opes
727 2620 816 2688 intus
836 2623 1007 2689 custodiat
1022 2625 1191 2706 PriamuS,
1207 2629 1302 2692 solus
1318 2630 1403 2693 ‹livi-

312 2720 378 2782 tius
391 2721 538 2802 potiores
561 2722 691 2786 nivibus
711 2722 782 2787 suis
802 2730 932 2790 teuent:
965 2726 1017 2789 his
1032 2729 1130 2792 etiam
1148 2749 1223 2810 quae
1240 2749 1315 2792 cum
1334 2729 1405 2792 He-

311 2815 386 2879 lene
397 2826 496 2898 rupte
507 2828 587 2882 sunt
599 2822 745 2897 incubet,
753 2821 927 2906 videatque
939 2844 1037 2906 quem
1050 2826 1094 2890 ud
1110 2827 1235 2892 linemm
1248 2829 1403 2892 utendum

311 2919 407 2996 putet
420 2917 538 2998 putriae
548 2917 806 2983 calamitatibus.
832 2921 1077 3008 Nosviotr'jum
1088 2945 1205 2992 sumus
1216 2929 1403 2992 malisnos·

312 3015 386 3082 tris.
409 3016 470 3099 [8.]
484 3017 571 3082 Haec
587 3023 685 3101 utque
694 3019 762 3082 alia
776 3038 852 3083 oum
862 3021 1017 3106 lucrymis
1028 3025 1208 3093 disserente
1223 3047 1276 3105 eo,
1289 3030 1402 3098 cuncti

766 3214 943 3236 ”WOOOOO

309 3340 404 3389 irio-2
420 3339 516 3390 Inrerlt
528 3341 623 3404 Delph.
635 3343 695 3392 mili
707 3351 764 3406 port
774 3352 914 3397 mmo-l
931 3349 1026 3413 Delpli.
1038 3356 1065 3400 et
1075 3353 1153 3414 vulgo
1164 3353 1274 3417 meum,
1283 3356 1338 3404 eine
1349 3355 1399 3404 vir·

751 3529 756 3540 ¹
797 3517 905 3574 NOTAE

339 3622 351 3656 l
372 3621 510 3686 Ulmus]
524 3623 613 3674 Potine
625 3627 746 3690 renitor,
758 3643 831 3692 quem
902 3632 916 3666 l
933 3633 988 3682 Hor
1004 3635 1077 3685 etius
1096 3638 1226 3701 mim]
1244 3639 1282 3688 Ut
1297 3641 1400 3691 seilicet

308 3693 463 3762 exprimitur
482 3699 520 3748 vir
536 3700 613 3764 lmjnr
627 3701 754 3754 memoli.
785 3708 833 3757 Est
869 3709 1303 3776 uerierimoeuortrorrepelinrnns.
1336 3715 1398 3764 Hoc

307 3774 520 3838 ‘quoquomodo'
545 3776 647 3828 Gellire
658 3779 694 3830 itu
704 3783 832 3845 exprime·
871 3785 934 3832 retis
944 3783 1090 3835 obscurum.

309 3851 520 3905 nummulum
529 3852 767 3917 mecelueetsoit.
901 3858 909 3892 ¹
931 3860 1027 3920 Heium
1053 3861 1179 3925 neptem]
1207 3861 1277 3923 ttt,1
1290 3865 1396 3926 gren'nr

340 3920 350 3966 <¹
363 3923 536 3988 [usedomi]
551 3927 583 3976 ld
598 3935 649 3989 ert,
665 3931 746 3982 tinctu
762 3941 829 3984 runt.
870 3934 951 3983 multo
962 3949 1019 3984 erre
1031 3937 1148 3986 emturum
1158 3935 1235 3985 fitium
1246 3938 1396 3990 suuminre·

309 3991 345 4037 Et
355 3992 403 4040 linc
414 3995 487 4056 dicit,
499 4007 605 4061 propter
626 4000 749 4056 Achillem
764 4011 831 4059 ocei-
873 4007 972 4072 pultum
987 4008 1084 4073 videre,
1094 4025 1169 4074 quum
1180 4023 1238 4060 eum
1249 4011 1380 4064 emittere.

307 4077 373 4126 sum,
384 4067 411 4112 in
422 4069 518 4130 templu
530 4073 666 4134 Apollinis.
906 4091 925 4118 ω
942 4084 1017 4140 Qun
1028 4085 1151 4151 unitim]
1164 4086 1220 4139 Pro
1230 4087 1396 4154 ‘quumque'
