3036 4918
277 386 449 438 aurnuns
476 385 628 434 vossius
654 387 701 432 nn
726 387 838 434 010111
865 389 1008 438 cunco.
1147 374 1188 438 13

142 529 254 594 Etiam
275 528 396 609 Dictys
420 525 588 590 Cretensis
604 525 695 587 bello
715 524 861 610 Trojano
879 527 1056 592 idomenea
1071 549 1189 612 seque·

100 631 208 706 batur,
220 649 260 692 ac
271 634 390 710 praeter
406 627 539 702 Italica,
552 625 655 690 Snida
667 633 766 702 teste,
780 627 875 690 libris
886 647 1002 690 uorem
1018 631 1190 710 consigna·

102 733 151 795 vit
177 732 297 795 bellum
323 728 525 810 Trojanum:
563 726 733 788 Homerus
759 732 865 789 autem
885 747 959 790 eum
984 729 1017 789 in
1041 728 1190 809 poemate
1257 799 1262 810 ¹

104 849 164 893 suo
192 836 246 893 est
268 834 421 892 secutus:
453 832 488 890 ut
503 827 635 908 quidem
664 832 851 889 auctorest
875 828 1029 903 Tzetzes,
1054 827 1139 890 chil.
1155 845 1190 889 ν.

106 929 267 1001 Histao,

145 1031 249 1096 Porro
264 1049 308 1094 ex
326 990 428 1113 Dicty
442 1034 474 1092 et
494 1029 616 1092 Darete
635 1029 839 1111 depromtum
859 1049 934 1092 esse
960 1034 1072 1092 censet
1087 1031 1193 1096 Scali-

103 1152 170 1216 ger,
193 1131 296 1214 quod,
328 1137 443 1196 contra
466 1129 608 1194 Homeri
632 1138 665 1193 et
687 1131 827 1193 aliorum
850 1132 1094 1208 auctoritatem,
1120 1151 1195 1214 per·
1229 1172 1231 1177 -

103 1233 266 1316 scriptum
282 1237 332 1296 est
346 1232 381 1294 iu
396 1229 563 1294 Chronico
579 1229 715 1293 Eusebii
731 1232 773 1293 ad
789 1249 841 1293 an.
859 1246 1059 1295 rocconxrr.
1104 1232 1195 1296 Hec-

100 1334 185 1398 toris
210 1331 300 1396 filios
327 1331 426 1395 Ilium
449 1332 629 1412 recepisse,
653 1331 809 1412 expulsis
838 1327 1017 1394 Antenoris
1035 1334 1195 1412 posteris,

105 1433 243 1496 Helena
258 1431 445 1494 subsidium
459 1429 592 1494 serente.
621 1429 710 1507 Quin
726 1430 891 1514 hodieque
906 1439 1024 1496 extant
1040 1434 1196 1516 anonymi

1 1555 2 1568 ¹
105 1532 173 1596 duo
186 1533 229 1596 de
255 1531 347 1594 bello
363 1530 523 1612 Trojano,
538 1531 595 1612 qui
621 1532 854 1612 consignarunt
875 1533 989 1609 librae,
1005 1553 1106 1595 uuum
1133 1535 1197 1596 sub

1 1639 2 1653 ¹
105 1633 236 1696 nomine
266 1633 387 1714 Dictys
414 1631 597 1706 Cretensis,
627 1633 765 1696 alterum
786 1652 866 1698 vero
887 1633 1020 1697 Daretis
1049 1633 1195 1718 Phrygii.

106 1729 209 1809 Quod
234 1740 455 1796 commentum
470 1739 508 1796 ut
530 1732 644 1794 colore
668 1733 783 1812 aliquo
809 1733 927 1796 melius
942 1734 1083 1810 falleret,
1099 1735 1198 1798 finxit

105 1833 199 1914 prior
224 1831 390 1914 quendam
416 1832 461 1910 Q.
484 1833 681 1914 Septimium
706 1833 907 1908 Romanum,
923 1834 982 1914 qui
1004 1853 1065 1914 per
1086 1832 1198 1896 literas

106 1931 313 2013 signiticaret
328 1930 371 2008 Q.
388 1930 547 2008 Arcadio,
562 1934 648 1996 utin
664 1933 763 1996 Creta
783 1933 907 2006 insula,
922 1951 996 1994 cum
1013 1933 1045 1994 vi
1059 1938 1199 2015 tempes-

1 2039 2 2124 f
107 2032 192 2096 tatis
209 2036 298 2093 terra
309 2030 502 2105 desedisset,
523 2031 557 2092 in
575 2032 665 2093 hiatu
678 2030 739 2093 1110
752 2031 945 2112 apparuerit
960 2032 1078 2114 Dictys
1090 2033 1202 2114 sepul·

109 2151 216 2207 crum,
232 2137 332 2212 atque
357 2131 391 2192 in
406 2149 448 2192 eo
463 2149 484 2192 a
500 2131 688 2211 pastoribus
704 2131 833 2193 inventa
847 2133 889 2194 sit
904 2131 1018 2196 arcula
1033 2133 1201 2216 plumbea,

109 2233 228 2296 librom
244 2231 368 2315 Dictys
385 2233 555 2294 continens
569 2232 711 2296 debello
725 2232 882 2314 Trojano,
901 2235 958 2314 qui
976 2234 1084 2297 literis
1100 2235 1203 2314 scrip-

1 2410 2 2421 *
111 2339 169 2395 tus
185 2337 275 2396 esset
284 2331 484 2395 leeniceis.
508 2332 560 2396 De
575 2331 696 2396 Darete
709 2337 818 2394 antem
832 2333 977 2416 Phrygio
992 2335 1059 2397 tale
1075 2335 1203 2397 auctori

1 2431 2 2474 i
111 2432 244 2515 placuit
258 2430 460 2512 figmentum.
505 2432 691 2496 Cornelium
724 2432 889 2515 Nepotem
906 2435 1035 2499 inducit
1057 2435 1204 2498 scriben-

1 2523 2 2532 ’
113 2537 182 2596 tem
208 2531 252 2593 ad
283 2530 437 2614 Crispum
463 2532 671 2606 Sallustium,
698 2537 736 2594 ut
758 2530 900 2596 Athenis
926 2542 1017 2596 esset
1051 2543 1203 2616 repertus

114 2629 305 2716 «ectypapor,
333 2631 442 2711 ipsius
475 2633 620 2694 auctoris
649 2633 910 2711 manuscriptos,
942 2632 1026 2694 liber
1060 2633 1206 2708 Daretis,

116 2749 217 2812 quem
236 2730 330 2792 dixi:
345 2737 446 2808 atque
460 2737 499 2790 ut
512 2729 599 2788 hunc
614 2729 735 2788 Latina
749 2735 826 2804 toga
839 2728 985 2800 donarit,
1001 2734 1037 2788 ut
1051 2729 1206 2792 amicitiae
1314 2731 1317 2736 ’

116 2831 185 2894 hoc
198 2834 446 2892 monumentum
454 2825 599 2888 muneris
612 2822 689 2886 loco
700 2822 861 2884 Sallustio
876 2823 999 2885 mittat.
1042 2823 1107 2888 Sed
1117 2834 1209 2890 extat

117 2928 257 3012 genuini
270 2925 416 2990 Cornelii
441 2923 584 3006 Nepotis
607 2923 754 2986 liberde
770 2920 877 2988 Attici
894 2923 985 3002 vita3
1008 2924 1095 3002 item,
1110 2946 1207 3008 quem

1 3037 2 3094 ἶ
119 3028 258 3110 scripsit
274 3027 316 3090 de
332 3025 590 3107 imperatoribus
606 3025 757 3088 externis.
801 3020 891 3099 Quid
906 3022 958 3086 his
973 3024 1066 3088 libris
1080 3030 1207 3108 purius,

121 3127 398 3210 elegantiusquei
422 3123 516 3202 Quid
531 3123 574 3188 ad
588 3125 653 3186 ista
667 3123 801 3188 tralatio
817 3122 977 3186 Daretis?
1013 3125 1154 3206 Nempe,
1170 3135 1208 3193 ut

122 3231 189 3294 dici
212 3229 308 3304 solet,
330 3228 426 3293 aliter
448 3225 550 3290 catuli
573 3226 675 3300 olent,
695 3224 797 3287 aliter
826 3242 916 3286 sues.
975 3223 1080 3286 Recte
1110 3226 1208 3305 igitur

123 3329 226 3394 sensit
241 3327 436 3395 Ludovicus
450 3325 557 3390 Vives
570 3327 604 3388 in
627 3325 741 3406 quinto
763 3321 808 3384 de
824 3321 987 3386 tradendis
1011 3324 1210 3407 disciplinis,

127 3447 200 3494 cum
217 3426 274 3504 eit,
298 3431 331 3490 01
357 3427 522 3501 Daretem,
538 3429 571 3488 et
595 3423 718 3507 Dictyn
738 3423 839 3485 istum
852 3421 1008 3506 (quonum
1031 3429 1138 3488 tamen
1155 3426 1210 3489 hic

128 3529 298 3610 aliquanto
317 3541 369 3590 est
384 3525 514 3602 cultior,
530 3529 564 3588 et
577 3517 788 3606 elegantion)
807 3543 881 3587 esse
904 3524 1078 3606 ‘figmenta
1098 3544 1211 3588 eornm

131 3629 187 3710 qui
202 3627 343 3692 de'bello
358 3625 587 3692 famosissimo
603 3624 924 3689 volueruntludere!
