3036 4918
139 361 141 368 ’
210 360 457 440 nissnnrnrro
478 357 531 440 ‘nn
556 391 739 440 rrrsronts
767 395 876 444 naum
901 398 1079 448 ructant.
1145 385 1184 452 21

100 537 160 596 aut
175 533 299 596 sensim
319 553 385 598 uua
410 553 485 598 cum
509 536 676 599 communi
699 538 807 602 arnico
826 539 1074 605 intermoriatnr.
1118 541 1187 606 Lu·

101 633 184 696 bens
209 635 322 718 itaque
344 635 466 719 arripui
482 637 761 722 qualemcumque
786 638 870 702 banc
894 641 1107 705 occasionem
1122 650 1187 706 tes-

101 733 194 798 tandi
213 736 347 819 publice
369 757 477 801 meam
494 737 536 802 de
555 745 588 802 te
615 740 902 816 existimationem,
924 747 960 802 et
981 741 1077 804 simul
1099 744 1184 807 arbi-

100 836 197 898 trium
213 837 256 899 ad
270 843 303 900 te
317 836 488 902 deferendi
501 839 601 922 hujus
617 839 660 904 de
676 841 801 923 Dictys
825 839 977 906 Cretensi
992 842 1115 924 atejus
1131 843 1186 906 In·

99 938 241 1017 terpretc
255 936 506 1019 disputationis,
522 941 631 1004 tenuis
645 941 737 1004 illius
752 941 887 1024 'quidem
901 952 935 1005 et
949 943 1082 1023 exiguae
1098 962 1188 1025 pror·

97 1053 165 1112 sus,
187 1034 246 1099 sed
271 1040 324 1102 cui
340 1039 481 1122 peritior
496 1028 624 1116 tefant
646 1042 775 1124 aequior
798 1043 954 1106 constitui
976 1042 1099 1106 arbiter
1120 1062 1187 1107 non

96 1131 235 1215 poterat,
252 1139 376 1221 quippe
392 1141 448 1222 qui
464 1140 538 1221 ipse
554 1142 661 1204 omnis
676 1141 805 1222 generis
820 1149 856 1206 et
871 1143 981 1206 artatis
997 1143 1187 1226 Scriptores

95 1243 224 1299 veteres
238 1255 304 1300 non
329 1246 455 1303 tantum
470 1241 663 1306 excusseris
679 1242 808 1318 sedulo,
821 1243 879 1304 sed
903 1248 936 1305 et
959 1260 1018 1324 per
1038 1250 1072 1306 tc
1095 1244 1186 1308 illus-

93 1340 201 1404 tratos
231 1338 387 1402 edideris.
445 1339 541 1417 Vale,
570 1341 635 1406 Vir
665 1343 957 1418 Praestantissimo,
987 1350 1020 1405 et
1044 1342 1186 1408 feliciter

93 1454 193 1518 porro
208 1443 301 1502 tuam
327 1459 367 1503 ac
383 1441 566 1505 literariam
590 1462 658 1506 rem
673 1462 761 1526 gere.
804 1441 958 1523 Lugduni
979 1444 1013 1506 in
1029 1443 1183 1521 Batavis,

93 1557 125 1619 a.
138 1540 173 1602 d.
190 1556 241 1604 tv.
267 1539 350 1603 Idus
364 1540 524 1618 Sextiles,
538 1557 597 1608 cro
612 1559 718 1628 rocci.

497 1761 797 1772 m...-

391 1925 575 1976 SYLLABUS
592 1927 902 1978 DISSERTATIONIS.

85 2034 107 2084 1.
125 2035 154 2085 N
156 2034 224 2084 nllus
236 2035 324 2085 estitit
336 2037 427 2100 Dictys
439 2039 581 2098 Cretensis,
593 2039 636 2101 qui
647 2039 772 2101 Trojanas
785 2053 825 2088 res
835 2039 886 2088 illis
897 2037 1055 2102 temporibus
1070 2037 1182 2103 scripse·

119 2116 169 2177 rit,
187 2115 257 2179 quod
275 2115 436 2166 tradiderunt
456 2116 543 2166 Greci
562 2117 688 2180 aequioris
705 2117 763 2174 evi,
783 2125 810 2166 et
827 2119 984 2168 recentiores
1002 2117 1112 2167 Eruditi.
1144 2117 1183 2168 11.

120 2195 232 2244 Grecos
243 2194 306 2244 istos
316 2210 368 2245 non
376 2195 580 2246 habuissealiunt
593 2198 701 2260 Dictys,
713 2213 787 2261 quarn
799 2198 880 2258 illum,
890 2212 966 2260 quent
976 2191 1116 2260 Septimins'
1128 2211 1184 2245 rer·

120 2273 165 2335 tit,
177 2273 302 2335 probatur
313 2281 403 2325 eontra
415 2276 561 2324 Mercerum
575 2277 697 2340 aliosque.
741 2275 794 2324 Ill.
812 2275 911 2326 Eadem
923 2276 961 2327 itti
972 2275 1077 2324 tradunt
1095 2275 1128 2325 de
1146 2275 1184 2325 in·
1269 2289 1275 2301 ·

118 2361 202 2402 vento
217 2353 324 2418 Dictys,
343 2369 399 2418 qnae
414 2355 555 2418 Septimius
569 2355 603 2404 de
613 2369 667 2404 suo.
700 2355 747 2404 lv.
763 2356 816 2404 Per
827 2355 962 2406 Claudium
974 2354 1042 2416 apud
1053 2368 1097 2403 eos
1108 2355 1183 2404 intei-

117 2431 167 2498 ligi
186 2432 266 2483 debet
289 2433 370 2497 Nero,
391 2441 417 2486 et
435 2449 506 2498 saepe
526 2436 564 2485 ita
580 2434 773 2489 confunduntur
790 2435 886 2485 diversi
899 2433 1040 2484 eorundem
1051 2435 1181 2486 nontinnnr

119 2509 307 2574 Imperatores.
327 2513 361 2561 V.
374 2513 476 2564 Revera
485 2514 552 2564 enim
561 2515 587 2564 in
596 2515 726 2568 Neronem
734 2515 900 2575 conveniunt,
908 2515 1005 2578 quade
1015 2519 1091 2564 terra
1099 2521 1182 2572 ntutu,

119 2598 148 2639 et
156 2589 253 2654 Dictys
263 2598 323 2640 tunc
334 2592 436 2641 intento
447 2607 478 2640 ac
490 2593 589 2642 Neroni
599 2593 686 2642 oblato
695 2593 843 2642 traduntur.
863 2593 911 2644 vt.
923 2592 1097 2654 Utriusqtteet
1107 2593 1182 2642 Grae·

116 2670 142 2720 ci
154 2677 183 2719 et
193 2671 279 2718 Latini
290 2671 474 2730 Dictyosidetn
487 2668 538 2716 fuit
548 2669 649 2728 titulus,
659 2669 727 2732 quod
739 2671 822 2732 liquet
834 2683 867 2716 ex
882 2670 971 2728 Suida,
988 2669 1009 2717 si
1030 2669 1086 2730 ejus
1103 2669 1182 2716 rerba

117 2755 195 2800 recte
207 2748 409 2808 distinguantur.
443 2745 506 2794 Vll.
522 2745 639 2806 Uterque
649 2745 747 2792 dicitur
757 2746 840 2794 literis
851 2745 957 2792 Punicis
967 2759 1036 2792 snam
1048 2745 1183 2804 scripsisse

117 2829 276 2878 Historiam.
310 2825 390 2873 Vlll.
406 2821 659 2874 lultannesMalelss
674 2835 706 2868 ex
718 2821 810 2870 Gttecu
822 2821 925 2884 Dictys,
936 2827 963 2870 et
973 2821 1113 2883 Septimius
1124 2837 1183 2872 nos·

118 2913 173 2966 ter,
185 2905 211 2953 in
227 2903 343 2953 Historia
353 2902 420 2950 Belli
436 2900 552 2964 Trojani,
568 2914 673 2962 prorsus
688 2901 853 2949 conveniunt.
886 2900 934 2950 IX.
951 2900 1078 2952 Quadam
1095 2909 1181 2952 tannen

116 2983 203 3034 veluti
222 2982 391 3032 characteres
409 2981 534 3036 Heroum,
550 2979 617 3041 apud
635 2979 758 3028 Maletum
775 2986 803 3027 et
813 2980 887 3040 alios,
897 2988 1072 3047 exponuntur,
1084 2997 1140 3046 qna
1153 2985 1180 3032 iu

117 3063 280 3127 Septimiauo
299 3061 397 3124 Dictys
413 3075 463 3109 nott
481 3059 653 3122 reperiuntur.
687 3059 722 3108 X.
745 3059 796 3108 Sed
818 3061 957 3122 Septimius
979 3059 1084 3108 tiberius
1103 3064 1182 3112 vertit

118 3145 227 3206 Dictys,
247 3155 358 3205 eumque
376 3140 566 3203 contraxitque,
576 3146 604 3188 et
615 3138 733 3202 quadarn
744 3140 771 3188 in
787 3153 819 3188 eo
831 3139 1001 3200 pretermisit.
1035 3137 1085 3190 Xl.
1101 3141 1182 3190 Putet

119 3223 146 3272 id
161 3222 303 3272 clarissime
320 3235 353 3269 ex
366 3221 421 3270 loco
433 3219 542 3283 Dictyos
553 3218 635 3268 nostri
646 3231 666 3266 1.
676 3221 702 3267 t.
714 3217 759 3280 qni
769 3213 916 3279 explicatur
927 3231 961 3266 ex
971 3215 1076 3266 Maleto.
1114 3217 1183 3268 XII.

120 3301 153 3350 In
164 3301 318 3366 quibusdam
337 3307 422 3348 tamen
436 3299 514 3348 etiam
527 3299 552 3348 in
563 3297 694 3346 diversum
707 3312 721 3345 a
732 3297 859 3359 Septimio
871 3297 926 3346 abit
934 3296 1087 3360 quandoque
1098 3297 1181 3346 Male·

119 3381 166 3442 las,
182 3380 256 3442 cujus
274 3381 310 3428 rei
324 3379 400 3428 varia
413 3378 556 3428 redduntur
567 3377 690 3426 rationes.
722 3375 802 3427 Xlll.
819 3378 1005 3440 Argunrentum
1017 3378 1129 3428 Mercuri
1146 3393 1180 3428 ex

120 3457 238 3510 Historia
248 3459 362 3508 OEnnnes
374 3457 406 3506 ad
418 3456 587 3520 probandum,
595 3456 692 3520 Dictyn
704 3456 826 3506 Graecum
836 3455 916 3508 fuisse
927 3458 1004 3508 alium
1024 3471 1039 3506 a
1056 3459 1179 3521 Septimi·

120 3555 180 3602 ano,
197 3537 331 3587 refellitur.
359 3538 402 3586 De
414 3533 675 3598 rerbo'ttrdyxentnr.
707 3537 781 3587 xiv.
795 3537 918 3600 Sequitur
926 3551 958 3586 ex
969 3537 1019 3598 bis,
1027 3537 1180 3598 Septimium

122 3633 184 3668 rere
201 3619 309 3666 vertisse
326 3615 549 3666 banc'Historiam
567 3632 599 3666 rx
616 3617 721 3678 Gracco,
737 3616 807 3680 quod
824 3618 891 3666 male
903 3624 1013 3679 negatur
1025 3630 1040 3663 a
1051 3614 1142 3663 Vnssio
1153 3608 1199 3662 et'

122 3699 252 3746 Merces-n.
285 3697 345 3745 XV.
361 3695 491 3745 Probatur
506 3696 532 3744 id
553 3711 586 3745 ex
602 3696 752 3746 Gracinmls
771 3696 796 3744 ei
811 3693 999 3758 frequentibus.
1033 3691 1109 3740 XVI.
1125 3691 1179 3740 Pro

121 3776 274 3826 Graecismis
286 3775 400 3825 trahenda
408 3776 437 3824 'in
447 3775 626 3836 versionibus,
636 3789 694 3838 qna
707 3787 739 3822 ex
751 3773 844 3823 Graeco
860 3771 969 3822 formata
980 3771 1039 3820 istic
1050 3777 1111 3819 sunt
1128 3767 1179 3819 ire·

120 3856 235 3921 quentia,
243 3855 303 3904 licet
312 3854 381 3918 apud
394 3855 565 3920 aliosquoque
577 3854 782 3914 similisiocutio,
790 3852 835 3900 sed
845 3853 1073 3911 rarius,occurrat.
1090 3848 1181 3897 xvtl.

120 3937 225 3986 Malelae
243 3949 300 3984 curn
318 3933 448 3994 cedreno,
459 3943 486 3983 et
498 3925 606 3996 Dictyos
618 3932 771 3996 Septimiani
783 3930 862 3978 rerba
873 3931 940 3978 inter
956 3944 984 3977 se
1003 3925 1180 3987 conferuntur,

121 4014 293 4079 emendantur
314 4013 403 4074 etiam,
423 4020 451 4062 et
462 4019 596 4062 notantur.
627 4011 732 4061 xvttl.
749 4008 808 4058 Alia
820 4021 908 4057 eornm
919 4007 998 4056 rerba
1009 4007 1180 4069 retumplaue
1209 4035 1213 4048 ι

120 4095 284 4158 singularium
304 4093 394 4142 itidem
415 4105 556 4154 congruere
574 4090 757 4154 ostenduntur.
787 4086 903 4136 ,Mateta
924 4085 1002 4135 etiarn
1022 4085 1179 4149 explicetur.

121 4173 199 4227 XlX.
216 4172 357 4226 confertur
372 4173 458 4224 denuo
473 4173 551 4235 longa
568 4170 649 4226 series
665 4165 849 4228 Historiarum,
859 4163 950 4216 eodem
962 4179 1064 4230 prorsus
1078 4164 1179 4240 ordine,
