3052 4900
353 359 358 366 .
394 311 442 356 nn
468 310 598 358 sxcro.
622 311 746 358 ruore
770 313 920 364 nrsrort.
1137 299 1202 364 297

110 450 226 516 Amici
240 459 275 514 et
295 451 449 534 hospites
467 451 511 515 ed
533 450 555 514 J
558 469 695 516 asonem
710 458 881 528 venerunt,
903 460 936 517 et
949 449 1152 535 pollicentur
1165 474 1203 520 se

110 572 177 618 una
201 553 319 617 ituros.
362 552 472 616 Jasou
493 553 617 634 gratias
631 551 702 616 illis
725 553 812 632 agit:
835 559 869 616 et
889 555 1015 634 rogavit
1035 563 1073 621 ut
1093 557 1203 639 parati
1300 593 1306 598 -

109 645 234 731 esseut,
248 674 325 720 cum
339 661 471 736 tempus
486 653 730 735 superveniret.
773 651 795 715 J
798 671 883 722 ason
897 673 974 718 cum
994 663 1130 739 tempus
1146 677 1201 722 su·

109 754 270 837 pervenit,
292 754 407 826 literas
428 753 470 817 ad
497 773 557 818 eos
571 752 664 817 misit
678 752 848 834 quierant
870 753 1026 838 polliciti,
1043 775 1117 819 sese
1132 777 1199 824 una

109 856 227 933 ituros,
241 861 274 920 et
294 856 386 920 illico
410 860 636 920 convenerunt
659 841 702 918 ad
725 873 856 932 navem,
879 856 976 940 cujus
997 875 1115 920 nomen
1137 864 1206 922 erat

111 957 212 1038 Argo.
256 957 372 1022 Pelias
387 975 447 1020 rex
460 975 539 1038 qum
555 973 642 1038 opus
654 960 747 1019 erant
761 955 801 1018 in*
811 956 923 1021 navim
939 958 1067 1041 imponi
1083 957 1203 1041 jussit:

111 1063 143 1122 ct
155 1058 303 1124 hortatus
314 1065 367 1122 est
381 1057 555 1135 Iasonem,
564 1065 598 1120 et
613 1057 671 1140 qui
687 1075 763 1120 cum
773 1077 816 1121 eo
828 1059 906 1123 ituri
920 1065 1025 1132 erant,
1035 1065 1074 1122 ut
1088 1059 1202 1125 animo

110 1157 187 1222 lorti
203 1159 285 1223 irent
297 1158 342 1222 ad
357 1158 592 1241 perficiendum
610 1164 687 1241 qum
702 1160 815 1222 conati
838 1167 961 1224 essent.
1004 1159 1056 1226 Ea
1070 1179 1123 1222 res
1137 1158 1206 1224 clu·

110 1262 242 1326 ritatem
254 1267 267 1304 ³
289 1260 434 1324 Graeciae
450 1259 584 1340 stipsis
598 1257 731 1323 facture
745 1257 933 1323 videbatur.
971 1260 1206 1324 Demonstrare

110 1380 170 1426 eos
186 1362 243 1442 qui
258 1380 334 1424 cum
348 1360 370 1424 J
373 1379 479 1425 asone
492 1360 632 1443 profecti
648 1365 738 1436 sunt,
752 1378 816 1423 non
829 1367 977 1424 nostrum
989 1369 1063 1424 est:
1078 1361 1137 1424 scd
1150 1361 1206 1444 qui

112 1462 185 1526 vult
200 1481 257 1526 eos
271 1481 482 1544 cognoscere,
498 1461 712 1544 Argonautas
737 1459 852 1544 legat.h
895 1461 956 1543 [2.]
977 1462 1000 1526 J
1003 1481 1096 1539 ason,
1112 1469 1148 1526 ut
1162 1461 1206 1526 ad

112 1562 292 1646 Phrygiam
329 1565 426 1638 venit,
453 1583 572 1628 navem
589 1565 753 1629 admovit
781 1563 824 1628 ad
861 1570 991 1646 portum
1021 1563 1205 1630 Simodnta.

114 1662 245 1728 Deinde
267 1684 381 1729 omnes
403 1665 621 1729 exierunt'de
643 1665 723 1730 navi
745 1664 793 1728 adx
809 1671 959 1728 terram..
986 1663 1207 1728 Laomedonti

113 1764 184 1846 regi
198 1763 415 1848 Trojanornm
431 1765 613 1830 nuntiatum
625 1771 687 1841 est,
701 1764 882 1828 mirandam
896 1765 1010 1828 naum
1024 1766 1057 1828 in
1072 1773 1206 1846 portum

115 1865 289 1932 Simoduta
302 1867 458 1942 intrasse,
474 1872 509 1929 et
529 1865 565 1928 in
583 1884 625 1928 ea
642 1864 810 1947 juvenes²
833 1865 874 1928 de
890 1862 1028 1930 Graecia
1046 1865 1207 1930 advectos

115 1987 200 2034 esse.
245 1967 316 2032 Ubi
331 1969 463 2032 audivit
485 1965 684 2031 Laomedon
696 1985 757 2031 rex
772 1975 961 2032 commotus
975 1973 1036 2044 est,
1050 1975 1082 2031 et
1097 1967 1207 2032 eonsi-

116 2069 245 2136 detavit
266 2089 439 2137 commune
462 2069 659 2153 periculum,
683 2070 713 2133 si
736 2078 995 2135 consuescerent
1023 2067 1135 2134 Groeei
1161 2067 1207 2132 ad

116 2191 180 2236 sue
203 2172 318 2236 littora
339 2173 481 2236 navibus
503 2169 693 2241 adventare.
737 2171 853 2234 Mittit·
866 2173 982 2254 itnquc
1005 2171 1048 2235 ad
1061 2175 1207 2253 portum

111 2273 173 2353 ¹qui
188 2271 301 2336 dicant
321 2281 360 2336 ut
374 2271 486 2336 Graeci
508 2271 551 2334 de
575 2270 699 2336 finibus
722 2271 795 2354 ejus
811 2271 1004 2338 discedant:
1027 2277 1061 2335 et
1085 2270 1115 2333 si
1138 2287 1204 2331 non

116 2371 210 2438 dicto
238 2359 440 2450 obedissent,
463 2377 531 2436 tum
557 2390 632 2455 sese
658 2371 760 2436 armis
785 2371 971 2456 ejecturum
996 2373 1038 2436 dc
1066 2359 1239 2435 finibusi'

116 2476 223 2541 Jason
237 2481 270 2542 et
283 2477 342 2560 qui
364 2495 441 2540 cum
464 2479 682 2539 eovenerant
704 2475 848 2556 graviter
872 2475 1013 2540 tulerunt
1032 2472 1209 2538 cmdclita·

116 2584 182 2642 tem
198 2577 447 2660 Laomedontis,
462 2577 514 2640 sic
528 2595 565 2640 se
579 2577 622 2640 ab
636 2596 678 2641 eo
694 2577 842 2652 tractari,
866 2595 941 2640 cum
963 2575 1052 2638 nulla
1074 2574 1117 2636 ab
1138 2569 1208 2632 illis
1257 2569 1258 2574 ’

113 2679 239 2762 injuria
252 2679 346 2744 lacta
360 2685 451 2742 esset
465 2696 473 2739 :
496 2676 594 2740 simul
609 2682 642 2738 et
652 2659 817 2739 timebant
831 2671 1077 2738 multitudinem
1090 2670 1209 2734 barba·

575 2864 753 2888 omnum

151 3009 167 3052 2
183 3001 446 3064 Antejrwarerhabet
457 3002 554 3066 Delph.
564 3003 656 3052 multoe
700 2959 703 2966 -

610 3175 718 3230 NO'l‘AE

150 3321 164 3360 s
190 3309 343 3371 cummisi]
372 3307 556 3360 claritudinem
582 3306 646 3356 dicit
686 3311 727 3354 ter
738 3315 785 3367 per
801 3297 973 3364 ignorantium
990 3310 1047 3346 rere
1062 3295 1213 3350 Pseudodn.

118 3391 224 3442 Sallust.
687 3387 767 3428 retem
779 3376 875 3442 prodit.
907 3374 947 3423 De
958 3371 1113 3436 Argonautis
1125 3379 1210 3422 antem
1314 3434 1319 3442 ἡ

150 3464 163 3497 h
179 3464 333 3526 Argonautas
343 3461 420 3524 legat]
445 3463 512 3523 Ergo
531 3467 646 3521 tempore
685 3455 746 3512 ride
758 3450 921 3516 Apollonium
934 3449 1067 3505 Rhodium,
1078 3447 1210 3496 Valerium

41 3599 43 3604 ,
119 3541 181 3594 belli
196 3521 305 3602 Trojdni
324 3538 390 3588 liber
409 3538 527 3598 extabat,
546 3534 647 3596 ‘Argo
688 3525 990 3606 Flaccumnlpollodor.
1017 3538 1037 3574 1.
1068 3523 1211 3574 Diodorum

119 3615 399 3676 nautica'inscriptnr.
431 3615 525 3678 Neque
542 3612 647 3661 dubium
662 3601 666 3608 '
688 3607 859 3668 Siculum,1v.
873 3601 1016 3665 Hyginum,
1027 3605 1055 3647 et
1066 3597 1136 3646 alios.
1160 3599 1211 3648 Eo.

120 3702 162 3744 est
185 3690 245 3756 quin
268 3688 367 3750 Orphei
390 3686 564 3748 Argonautica
585 3685 649 3736 velit
686 3698 742 3734 rum
764 3680 896 3752 expeditio
920 3679 988 3726 hello
1007 3675 1119 3760 Trojano
1140 3675 1211 3736 prior

121 3767 242 3830 intelligi.
275 3763 326 3813 Sed
352 3763 467 3823 ineptum
495 3765 648 3824 scriptorem
687 3759 737 3809 fuit
747 3758 819 3806 annis
831 3754 937 3804 circiter
948 3750 1211 3814 qninquaginta3etsi

120 3846 147 3896 id
165 3844 249 3898 latuit,
266 3854 358 3902 nempe
379 3837 512 3900 Orpheum
531 3838 602 3885 illum
621 3843 649 3885 et
687 3835 764 3884 aliter
772 3830 902 3891 scaligero
914 3826 995 3908 ritum
1004 3831 1053 3872 est.

121 3921 184 3970 atior
195 3931 319 3982 quosque,
330 3913 373 3980 qai
385 3919 446 3962 ente
459 3912 552 3961 bellum
560 3911 650 3973 Trojn·
719 3905 726 3939 ¹
742 3906 801 3955 num
814 3915 864 3952 rese
878 3911 951 3947 mnu
966 3897 1093 3984 arctarunt
1110 3897 1140 3944 de
1150 3897 1211 3982 Μ.

121 3992 272 4047 neminisse
288 3993 353 4042 dicti
366 3994 436 4048 sunt,
452 3986 562 4050 apoitis
572 3983 648 4036 fictor
687 3980 741 4044 tar]
758 3980 838 4040 Lego,
847 3977 855 4003 ‘
864 3974 993 4024 Tamesae
1002 3986 1076 4022 nrmu
1088 3985 1131 4022 eor
1143 3985 1211 4036 ejec-

122 4071 215 4128 iuisse3
239 4067 308 4130 quod
325 4062 469 4115 etVosaim
485 4059 610 4118 ostendit,
627 4073 647 4109 r.
687 4064 772 4108 turum
783 4047 938 4104 detinihns.'
990 4067 994 4074 ·

123 4142 317 4208 derepodtics.
349 4138 480 4202 sicigitur
489 4143 579 4187 auctor
589 4148 647 4184 uos·
792 4129 794 4135 '
