3052 4900
318 319 384 388 &tt
694 323 856 374 nuasrrs
881 321 1037 372 arturum

319 475 441 542 milites
468 473 641 556 eligerent:
662 469 706 534 ad
728 469 917 536 concionem
954 465 1118 550 populum
1155 461 1271 528 venire
1305 461 1410 544 jubet.

320 575 381 662 [ts]
404 571 670 640 Commouetacit
685 571 784 646 filios,
801 578 839 634 nt
854 569 996 652 majores
1010 569 1091 630 natu
1106 565 1293 630 minoribus
1308 565 1412 647 impe-

320 685 438 742 rarent.
489 675 712 740 monsravit·
735 689 820 754 quas
841 667 978 751 injurias
1001 667 1114 732 Greci
1134 665 1292 748 'l'rojauis
1313 665 1417 744 fecis·

321 785 414 844 sent:
436 779 481 843 oh
494 777 560 842 hoc
573 777 775 840 Antenorem
797 771 944 850 legatum
963 770 998 832 iu
1016 767 1200 844 Graeciam,
1217 767 1362 842 misisse,
1379 774 1415 830 ut

321 881 388 946 sihi
403 879 589 944 Hesionam
603 892 747 940 sororem
761 871 947 946 redderent,
957 879 989 936 et
1000 869 1235 934 satisfacerent
1247 867 1414 952 'l'rojanis

323 981 523 1046 Antenorem
538 975 776 1044 contumeliose
796 975 839 1038 ab
862 975 913 1036 eis
935 978 1133 1037 tractatum:
1157 969 1414 1054 necquicquam

323 1085 366 1148 eh
380 1081 435 1147 his
449 1082 624 1164 impetrem
644 1077 806 1162 potuisse.
851 1075 906 1141 Ob
928 1073 992 1138 hoc
1015 1075 1149 1156 placere
1173 1072 1247 1148 sibi,
1262 1069 1415 1137 Alexan·
1492 1087 1494 1091 ·

321 1183 415 1248 drum
428 1181 515 1248 mitti
529 1199 604 1245 curn
618 1181 731 1244 classe
744 1180 779 1244 in
794 1177 976 1252 Graeciam,
989 1177 1049 1258 qui
1072 1177 1127 1241 ari
1152 1175 1207 1238 sui
1224 1181 1364 1238 mortem
1378 1181 1414 1239 et

323 1283 544 1368 Trojsnomm
565 1281 702 1364 injurias
724 1281 952 1345 ulcisceretur.
994 1275 1199 1340 Antenorem
1214 1275 1326 1339 dicem
1343 1276 1417 1359 jus-

323 1386 381 1462 sit,
395 1382 562 1468 quomodo
576 1383 611 1447 in
626 1382 762 1447 Granis
777 1385 941 1446 tractatus
956 1379 1009 1442 sit.
1038 1375 1184 1440 Antenor
1196 1375 1352 1441 hortatus
1366 1383 1417 1442 est

326 1485 502 1568 Trojanos,
512 1501 551 1546 ue
562 1482 802 1556 horrescerent,
811 1481 855 1545 sd
868 1479 1075 1544 bellandum⁰
1090 1479 1125 1542 in
1133 1478 1324 1543 Graeciamp
1339 1494 1420 1542 suos

326 1587 511 1650 alacriores
525 1583 633 1648 seuit·
658 1582 782 1648 Paucis
796 1581 1134 1663 demonstravitque
1145 1581 1178 1644 in
1193 1579 1330 1644 Graecia
1344 1599 1420 1662 ges·

325 1691 423 1748 serat.
466 1684 622 1749 Priamus
638 1683 735 1759 dixit,
751 1683 781 1748 si
799 1685 853 1748 eui
875 1682 1069 1765 displiceret
1083 1681 1207 1744 bellum
1224 1681 1305 1761 geri,
1321 1699 1419 1744 suam

328 1785 531 1852 voluntatem
545 1785 701 1852 ediceret.
742 1785 841 1850 Tunc
855 1783 1005 1849 Panthus
1020 1783 1154 1846 Priamo
1167 1788 1201 1846 et
1222 1783 1420 1866 propinquis

328 1886 445 1971 prodit
459 1905 498 1951 ea
514 1904 627 1971 quasa
649 1893 743 1970 patre
764 1885 964 1968 Euphorboq
987 1885 1156 1949 audieret:
1180 1884 1211 1947 si
1225 1881 1421 1948 Alexander

328 2005 466 2052 uxorem
481 1987 523 2050 de
532 1986 669 2051 Graecia
683 1987 895 2062 adduxisset,
909 1985 1063 2069 Trojanis
1078 1995 1264 2048 extremum
1279 1985 1421 2048 exitium

327 2085 486 2151 futurum.
530 2087 595 2151 Sed
613 2087 783 2172 pulchrius
798 2107 874 2151 esse
885 2089 919 2150 in
933 2087 1006 2150 otio
1021 2088 1125 2150 vitam
1137 2085 1267 2168 degere,
1277 2103 1379 2168 quam
1388 2087 1422 2148 in

327 2187 472 2252 tumultu
487 2187 678 2254 libertatem
694 2191 859 2268 amittere,
881 2196 914 2253 et
935 2189 1123 2271 periculum
1133 2189 1223 2251 inire.
1268 2187 1421 2269 Populus

329 2288 562 2354 anctoritatem
571 2289 692 2354 Panthi
703 2292 895 2356 contemsit:
910 2309 1020 2371 regem
1032 2289 1140 2353 dicere
1147 2290 1333 2373 jusserunt,
1342 2287 1421 2371 quid

327 2385 400 2450 dori
429 2389 537 2452 vellet.
585 2389 741 2454 Priamus
765 2390 853 2453 dixit
877 2409 981 2454 naves
1006 2389 1243 2472 praeparandus
1266 2407 1353 2466 esse,
1384 2397 1422 2451 ut

331 2493 426 2551 eatur
450 2489 484 2550 in
514 2487 699 2554 Graeciam:
722 2491 876 2554 utensilia
901 2509 1034 2574 quoque
1060 2493 1186 2573 populo
1209 2510 1274 2554 uon
1296 2490 1421 2554 deesse.

332 2587 488 2672 Populus
502 2589 727 2656 conclamavit
749 2606 810 2673 per
828 2607 864 2652 se
886 2608 1011 2654 moram
1032 2611 1097 2655 non
1119 2611 1206 2668 esse,
1223 2609 1291 2674 quo
1310 2593 1422 2654 minos

330 2691 419 2772 regis
445 2692 624 2775 prmceptis
652 2698 819 2776 pareatur.
864 2689 1021 2777 Priamus
1044 2692 1112 2756 illis
1136 2711 1275 2774 magnas
1299 2692 1422 2776 gratias

332 2793 409 2872 ogit,
423 2794 685 2876 concionemque
701 2792 839 2856 dimisit.
886 2789 935 2854 Ac
951 2811 1030 2855 mox
1046 2793 1078 2854 iu
1095 2793 1190 2856 ldam
1207 2794 1338 2874 sylvam
1361 2794 1422 2856 mi·

333 2890 389 2963 sit,
399 2889 477 2968 qui¹
493 2891 682 2953 materiemr
698 2891 916 2966 succiderent,
931 2909 1033 2954 naves
1048 2891 1262 2956 aedificarent.
1294 2894 1421 2957 Hecto-

786 3068 971 3089 enmmue

365 3143 380 3173 ⁶
397 3145 428 3195 ln
439 3147 537 3212 Delph.
549 3145 590 3196 hic
603 3149 673 3197 locus
684 3149 720 3199 sic
733 3151 922 3214 interpungitur
934 3167 940 3199 :
958 3153 982 3200 l.
994 3167 1014 3202 e.
1027 3152 1139 3211 Troianos
1151 3167 1178 3202 ss
1189 3154 1345 3202 tremeret
1356 3153 1387 3201 ud
1399 3153 1421 3201 t.

333 3209 359 3257 irs
371 3209 499 3274 Gratiam,
508 3227 529 3261 s.
539 3211 637 3271 s.f.-t
656 3213 737 3262 Deest
747 3216 787 3278 qui
798 3216 824 3264 in
836 3216 932 3279 Delph.

825 3373 933 3442 Nous

366 3465 859 3527 numm-at‚t5e.]1tsdemtsrsvsr·
931 3473 1023 3528 ‘thoe
1040 3487 1056 3520 s
1076 3478 1144 3534 putre
1164 3473 1299 3536 Euphorbo]
1328 3474 1422 3523 Panthi

335 3541 426 3591 hishis
437 3539 535 3603 repetit
549 3539 652 3603 ineptus
667 3542 788 3606 scriptor,
801 3559 859 3609 qus:
900 3555 999 3610 petrem
1014 3547 1055 3596 hic
1067 3547 1232 3611 Euphorbum
1248 3547 1313 3599 dicit
1329 3550 1423 3612 Dares,

331 3619 385 3680 jam
397 3617 464 3668 dixit
475 3615 569 3679 pupius
579 3616 714 3680 superiori.
900 3623 1425 3688 quemServiusormyadsm.vtrg.¹Pan-

305 3737 308 3744 .
365 3691 859 3756 ⁰·Nstorrucsrsstsststtsassm]ln·
900 3697 957 3747 thus
970 3697 1129 3762 Othryades,
1140 3700 1206 3748 srcis
1221 3698 1364 3764 Phoebique
1384 3716 1425 3749 ss·

334 3766 389 3816 sits
402 3780 465 3816 sens
475 3765 661 3829 ineptissimum
672 3765 738 3818 hunc
750 3770 859 3833 scripto·
899 3773 1006 3823 cordos!
1039 3773 1133 3823 Panthi
1148 3773 1279 3823 historiam
1293 3775 1424 3836 posuimus

335 3854 388 3890 rem
405 3857 539 3904 percurro,
549 3843 587 3892 ita
601 3842 711 3894 barbare
726 3851 754 3895 et
767 3846 861 3896 misere
897 3847 964 3910 spud
977 3848 1080 3912 Dictyn.

219 3971 224 3978 Ι
335 3917 426 3966 scribit
435 3918 545 3968 scilicet.
576 3919 627 3970 Sed
640 3921 764 3970 calcanda
773 3929 857 3974 tamen
929 3924 1093 3986 'Materist
1116 3923 1265 3972 ‘Materia'
1282 3929 1311 3972 et
1326 3923 1426 3972 ‘mms-
1506 3977 1509 3996 ι

334 3991 385 4038 uis.
898 3998 1206 4062 ries,'proprielignnm:
1224 3997 1425 4049 undem-Glosr.

366 4069 379 4101 Ρ
396 4065 567 4146 indirectas]
583 4070 615 4120 ld
624 4078 673 4126 est,
685 4079 776 4123 contra
784 4074 859 4125 Gras-
898 4081 1072 4137 exponuntur,
1082 4071 1171 4134 edissa,
1182 4072 1236 4131 ὕλη.

249 4165 253 4172 ,
335 4137 410 4187 ciam.
