3052 4900
248 383 254 396 ·
333 365 399 430 842
773 355 980 422 runnudrx.

332 529 491 594 accurato
501 523 635 608 judicio
649 522 858 588 emaculatus
873 523 999 608 pariter
1011 527 1108 608 atque
1120 523 1313 598 illustratus,
1333 541 1418 600 eum,

334 627 370 690 iu
385 645 453 708 qno
470 641 559 688 nunc
574 629 757 705 comparet,
774 621 981 706 splendorem
1004 623 1148 707 accepit.
1191 623 1274 706 Ipsa
1292 642 1345 686 res
1358 622 1418 687 do·

334 727 438 804 cebit,
459 730 495 789 et
516 723 675 809 subject·
700 723 808 788 textui
832 728 933 800 uotae,
956 723 1038 806 quid
1065 725 1100 790 in
1122 723 1185 789 hac
1207 723 1351 789 editione
1375 724 1420 787 sit

334 825 535 910 praestitum,
560 823 725 907 adquam
753 821 871 889 Codex
894 821 1006 890 Mstus
1028 823 1250 888 Bibliothecae
1272 822 1419 907 publicae

334 923 633 1008 argentoratensis,
646 923 726 989 licet
744 923 820 1008 ipse
840 943 907 988 non
921 925 1043 1009 ubique
1058 925 1154 989 bonae
1167 930 1267 1000 notin,
1287 943 1347 988 uec
1362 942 1420 987 ve·

334 1027 472 1092 instatis
488 1026 617 1110 primae,
631 1025 747 1090 multis
760 1031 870 1092 tamen
884 1024 1017 1090 inducis
1031 1018 1137 1091 facem
1152 1025 1304 1107 praetulit.
1348 1021 1419 1087 Ac·

335 1126 435 1192 cessit
459 1124 577 1208 Dictyi
593 1124 728 1190 Daretis
752 1125 888 1211 Phrygii
902 1126 943 1191 de
965 1124 1109 1190 Excidio
1128 1124 1240 1208 Trojae
1256 1122 1426 1198 Historia,¹

335 1245 406 1305 seu,
420 1227 450 1293 si
460 1227 581 1303 maris,
595 1227 764 1293 Periocha
777 1227 935 1293 carminis
949 1226 1053 1305 illius,
1064 1225 1154 1310 quod
1162 1243 1224 1289 sex
1232 1225 1325 1288 libris
1334 1223 1419 1306 His÷

334 1327 454 1394 teriam
472 1325 513 1392 de
526 1325 625 1392 Bello
639 1325 789 1412 Trojano
803 1327 954 1404 exhibet,
969 1333 1005 1392 et
1021 1325 1162 1411 explosa
1171 1326 1243 1410 jam
1257 1324 1385 1408 pridem
1399 1344 1421 1388 a

334 1429 445 1494 doctis
466 1427 694 1512 inscriptione,
712 1426 857 1492 Cornelii
880 1427 1025 1512 Nepotis
1046 1445 1166 1491 nomen
1187 1425 1328 1509 praefert,
1342 1443 1420 1490 cum

333 1545 434 1593 verus
447 1528 518 1611 ejus
531 1533 647 1592 auctor
667 1527 714 1592 sit
734 1526 906 1610 Iosephus
927 1527 1112 1602 Duronius,
1130 1545 1159 1590 s.
1175 1525 1328 1600 lucanus,
1348 1522 1421 1587 Au·

332 1626 425 1708 glus:
458 1645 591 1709 exque
617 1645 720 1710 opere
744 1629 774 1692 si
795 1627 1062 1692 consarcinatam
1079 1626 1156 1708 quis
1177 1625 1262 1688 hanc
1285 1624 1420 1688 Daretis

332 1744 467 1809 prosam
491 1725 630 1806 dixerit,
642 1728 743 1794 nobis
761 1746 830 1793 nou
850 1725 947 1794 vaide
971 1726 1087 1792 invitis
1106 1725 1141 1789 id
1163 1725 1230 1790 fiet.
1273 1723 1318 1789 Et
1340 1735 1419 1788 eum

330 1828 468 1913 quidem
485 1829 653 1909 Daretem,
667 1830 759 1915 quod
773 1829 934 1895 hactenus
948 1827 1141 1904 individuus
1153 1844 1264 1892 comes
1274 1825 1419 1910 Dictyos

333 1928 410 2008 fuit,
424 1929 531 1995 eidem
545 1949 633 1996 nnnc
649 1950 782 2016 quoqne
794 1931 970 2016 adjungere
983 1930 1089 1994 visum
1105 1933 1165 2005 est,
1178 1933 1311 2010 propter
1324 1946 1421 2008 argu-

333 2029 435 2093 menti
451 2028 714 2109 similitudinem,
730 2050 921 2115 quanquam
933 2037 1048 2095 cetera
1059 2029 1110 2095 illi
1121 2029 1314 2111 neutiquam
1329 2047 1420 2092 com·

331 2129 527 2212 parandum.
571 2130 611 2195 In
627 2139 700 2197 tota
714 2141 822 2199 autem
841 2132 903 2198 hac
922 2133 1070 2199 editione
1089 2131 1231 2215 Dictyos
1244 2131 1419 2212 Typogra-

331 2228 401 2314 piro
416 2236 452 2296 et
464 2231 562 2298 uobis
575 2251 617 2298 ea
628 2233 702 2298 sola
714 2251 796 2298 cura
815 2235 888 2310 fuit,
902 2237 940 2299 ut
955 2253 1055 2317 quam
1069 2231 1359 2298 emendatissimus
1374 2251 1419 2296 ex

331 2329 464 2396 officina
477 2331 638 2422 prodiret,
653 2341 690 2398 et
710 2335 873 2400 studiosae
886 2335 912 2400 J
914 2335 1083 2401 uvantutis
1098 2334 1217 2400 usibus
1232 2351 1419 2398 accommo-

329 2427 446 2506 datus,
460 2431 653 2515 adjunctum
674 2433 776 2498 etiam
795 2433 934 2499 haberet
956 2435 1105 2499 Iudicem
1126 2453 1234 2498 rerum
1250 2439 1284 2497 et
1298 2450 1419 2497 vocum

331 2527 603 2624 locutionumque
633 2533 859 2613 insigniorum,
887 2535 922 2598 in
950 2535 1072 2619 quibus
1097 2552 1174 2598 oum
1198 2531 1418 2596 Sailustianae

332 2627 528 2694 imitationis
544 2647 616 2693 uon
636 2630 782 2694 obscura
802 2643 987 2712 appareant
1007 2634 1159 2712 vestigia,
1172 2631 1208 2694 in
1220 2630 1293 2708 illa,
1304 2632 1420 2715 quoad

334 2727 406 2794 fieri
420 2729 530 2811 potuit
546 2728 584 2794 iu
600 2729 722 2808 indice,
736 2728 876 2812 digitum
894 2730 1105 2796 intendimus.
1146 2731 1321 2815 Siquidem
1338 2749 1421 2796 non·

332 2829 414 2892 nihii
435 2831 537 2894 etiam
559 2831 624 2896 hoc
646 2832 692 2895 ad
713 2831 1025 2896 commendationem
1048 2831 1192 2916 Dictyos
1207 2831 1319 2897 facere
1335 2834 1420 2898 arbi·

332 2926 411 2990 trati
431 2946 559 3005 sumus,
575 2932 605 2994 si
626 2931 859 3011 ostenderetur,
874 2951 950 2997 eum
972 2953 1049 2998 cum
1071 2933 1420 3016 optimisanctoribus

332 3027 439 3092 alieno
451 3027 534 3092 iicet
547 3029 671 3096 saeoulo
682 3031 835 3096 locutum
850 3051 938 3098 esse·
978 3031 1147 3116 Optamus
1163 3033 1251 3096 enim
1265 3033 1300 3096 in
1315 3033 1420 3100 mani·

331 3129 397 3194 bus
411 3127 500 3197 huuc
514 3137 684 3198 auctorem
698 3152 783 3212 esse,
797 3153 838 3199 eo
852 3134 954 3198 etiam
968 3133 1113 3210 nomine,
1129 3133 1219 3215 quod
1232 3152 1286 3198 res
1300 3133 1420 3218 TroJa·

332 3239 574 3312 nanctoacum
588 3235 730 3318 scriptor
750 3236 907 3320 proprius
929 3235 1212 3312 Homerus,=tanta
1233 3235 1311 3298 olim
1328 3235 1420 3316 apud

332 3353 446 3399 omues
462 3335 679 3402 aestimatione
702 3338 848 3416 fuerunt,
867 3345 904 3404 ut
923 3357 1020 3402 nemo
1038 3354 1108 3400 non
1128 3333 1322 3411 Poetarum,
1337 3336 1419 3417 quin

330 3440 364 3499 et
389 3433 549 3501 Oratores
575 3436 850 3522 Philosophique,
873 3437 1036 3520 exemplis
1059 3443 1093 3500 et
1115 3434 1316 3516 argumentis
1340 3435 1421 3501 iude

331 3537 544 3621 potissimum
556 3537 705 3620 repetitis
720 3557 802 3603 suos
819 3537 923 3603 libros
942 3535 1165 3618 impleverint,
1178 3535 1304 3618 quibus
1323 3535 1420 3600 iutel-

330 3637 482 3722 ligendis,
491 3656 567 3702 cum
576 3637 738 3704 rarissimi
750 3638 863 3725 ipsum
876 3638 1060 3728 Homerum
1069 3638 1274 3720 legant,haec
1289 3635 1419 3703 Iliados

331 3740 532 3824 compendia
550 3745 691 3823 possunt
713 3738 825 3806 lumen
837 3738 1004 3824 pratense.
1049 3737 1221 3804 Suaserim
1243 3738 1354 3820 itaque
1376 3757 1419 3803 ea

330 3843 486 3907 teneriori
507 3839 616 3907 adhuc
637 3841 814 3913 iuventuti
836 3842 943 3926 prius,
967 3859 1068 3926 quam
1087 3841 1420 3924 reliquosauctores,

332 3939 462 4007 Potitus
491 3944 688 4026 cumprimis
716 3944 859 4022 evolvat,
883 3944 918 4008 in
944 3961 1063 4008 manus
1086 3940 1168 4006 dari.
1224 3937 1291 4005 cni
1315 3939 1417 4022 etiam

331 4037 391 4100 fini
411 4041 498 4108 hanc
524 4062 641 4110 curam
661 4047 848 4130 impensam
871 4065 958 4124 esse,
979 4046 1023 4110 B.
1044 4043 1084 4108 L.
1103 4043 1191 4111 scias
1211 4043 1321 4110 uelim.
1363 4043 1417 4110 Tu

330 4136 440 4206 studia
451 4141 525 4204 heco
541 4151 656 4210 nosue
669 4153 702 4212 et
717 4157 797 4214 vcta
811 4151 893 4214 honi
906 4147 1054 4215 consule.
