3044 4896
385 355 433 402 nn
457 357 577 404 nauco
600 357 771 408 rnossno
798 361 873 408 ms.
893 357 930 407 ιι.
1131 343 1196 408 iiiii

102 491 190 576 [tiu]
213 493 312 573 Quod
326 495 383 560 ubi
397 497 502 562 nostri
516 497 786 577 animadvertere,
800 503 835 565 in
851 520 1004 585 campum
1020 503 1194 584 progressi,

104 615 199 660 more
213 596 464 677 militiaeaciem
479 599 645 676 ordinent,
660 601 817 683 mamstro
834 621 874 670 ac
888 608 1088 684 praeceptore
1103 621 1195 666 com·

102 695 247 776 ponendi
263 695 442 764 Mnestheo
455 699 676 766 Atheniensi:
699 701 857 770 ordinant
880 709 989 766 etitem
1003 720 1063 783 per
1083 707 1194 783 gentes

103 798 377 878 atque‘regiunes
408 801 568 882 singulas,
600 821 752 866 seorsum
779 809 935 868 manente
958 799 1092 866 Achille
1117 820 1195 866 curn

104 895 353 978 Myrmidonum
367 901 526 966 exercitu.
570 902 609 967 Is
635 915 778 984 namque
797 921 986 986 quenquam
1007 903 1051 966 cb
1069 899 1196 965 illatam

102 996 146 1058 ab
174 995 423 1077 Agamemnone
451 1000 617 1083 injuciam,
648 1007 682 1065 et
701 1000 894 1066 abductam
922 999 1197 1084 Hippodamiam,

101 1094 181 1158 nihil
207 1097 311 1159 animi
336 1099 526 1177 remiseram
557 1101 669 1164 tamen
691 1101 838 1168 maxime
862 1102 1075 1183 indignatus·
1104 1098 1195 1183 quod

100 1195 236 1277 reliquis
259 1194 410 1260 ducibus·
425 1197 469 1262 nd
489 1216 621 1262 caenam
637 1199 805 1274 deductis,
825 1200 917 1264 eolus
939 1201 1121 1264 contemtui
1135 1198 1196 1260 han

100 1293 193 1361 bitus
208 1295 488 1358 intermitteretur.
532 1295 687 1360 Ceterum
702 1295 858 1360 ordinato
879 1298 1038 1370 exercitu,
1057 1315 1098 1360 ac
1118 1305 1197 1360 tune

99 1392 417 1474 primum-omnihus
431 1393 564 1475 copiis·
584 1394 761 1456 adversum
784 1412 821 1458 se
840 1394 1012 1458 instructis
1037 1394 1198 1470 hostibus,

99 1493 160 1555 ubi
185 1498 302 1558 neutra
317 1511 396 1574 pers
411 1491 643 1557 committeret
663 1493 775 1569 audet,
797 1493 1019 1577 paulisperin
1034 1493 1132 1556 loco⁰
1149 1513 1198 1558 re·

99 1592 201 1658 tentis
227 1592 402 1674 militibus,
428 1599 586 1677 tanquam
614 1593 655 1658 de
679 1594 841 1660 industria
867 1595 1020 1689 uinoque
1046 1595 1197 1677 receptui

101 1693 243 1757 canitur.
287 1693 370 1776 [32]
390 1694 535 1778 Jamque
550 1695 666 1764 Graeci
678 1697 820 1777 regressi
834 1696 878 1762 ed
893 1715 1010 1773 naves,
1032 1715 1124 1762 arms
1138 1696 1197 1762 de·

102 1811 236 1874 ponere,
256 1813 297 1858 ac
313 1795 432 1877 singuli
446 1816 508 1879 per
520 1797 596 1860 loca
610 1796 713 1862 solite
728 1815 851 1880 corpus
865 1798 941 1862 cibo
956 1815 1072 1860 curare
1085 1816 1198 1862 occoe·

102 1901 243 1973 perenm
265 1914 341 1960 cum
361 1894 508 1964 Achilles
529 1898 636 1962 ultum
660 1897 708 1964 ire
731 1899 871 1981 cupiens
893 1895 1044 1980 injurias,
1067 1895 1198 1976 ignaros

102 1994 236 2060 consilii
252 1995 303 2060 sui
318 2007 461 2073 nostros,
483 2002 517 2061 et
531 1999 574 2062 ob
589 1997 625 2060 id
640 1997 751 2062 otiose
768 2003 917 2079 agentes,
940 1998 1027 2062 clam
1042 1996 1196 2062 invadere

103 2100 221 2160 tentat.
263 2093 314 2159 At
324 2095 381 2157 ubi
393 2095 539 2178 Ulysses
551 2115 574 2162 a
588 2094 812 2174 centemnunt
828 2100 886 2180 qui
900 2097 1197 2180 eruptionemque

104 2204 359 2275 praesenserant,
378 2216 451 2260 -rem
470 2198 640 2280 comperit,
654 2217 794 2281 propere
817 2199 921 2264 duces
935 2199 1197 2264 circumcursans

104 2315 223 2376 magne
246 2315 331 2362 uoce
357 2306 483 2374 monet,
501 2306 604 2382 etque
629 2299 776 2366 hortatur
794 2300 845 2363 nti
868 2299 969 2365 aruns
991 2297 1132 2380 arreptis
1147 2305 1199 2361 tu·
1224 2329 1228 2334 ·

104 2385 238 2463 erent’ur
263 2414 360 2462 mse:
391 2397 469 2488 dein
493 2399 668 2466 consilium
695 2401 931 2484 inceptumque
955 2398 1100 2465 Achillis
1129 2397 1198 2462 sin·

106 2496 192 2577 gulis
214 2500 340 2581 aperit:
362 2521 430 2584 quo
446 2501 593 2584 cognito,
614 2501 739 2565 clamor
759 2502 874 2584 ingens
888 2503 1001 2576 oritur,
1015 2497 1199 2564 festinanti-

105 2597 168 2661 bus
183 2599 228 2662 etl
243 2619 336 2664 arma
347 2602 478 2666 cunctis
493 2620 534 2666 ec
548 2621 697 2686 seorsum
709 2603 772 2665 sibi
783 2602 923 2682 singulis
934 2598 1198 2664 consulentibus.

106 2698 162 2762 Ita
176 2697 329 2764 Achilles
343 2719 511 2782 praeverso
534 2699 577 2766 de
598 2722 636 2766 se
658 2702 798 2774 nuntio:
821 2701 879 2764 ubi
903 2715 1020 2762 omnes
1042 2697 1076 2758 in
1098 2695 1199 2756 ermis

604 2879 712 2931 ΝΟΜ

107 3005 162 3040 rnm
181 2991 269 3054 lingua
286 2990 340 3040 late
358 2989 532 3055 dispersorum
551 2989 631 3040 hemia
670 2991 740 3040 τοῦτο
750 2989 788 3038 tei
799 2990 842 3040 τοῦ
850 2987 884 3050 μὴ
895 2989 1018 3047 κληθῆναι.
1028 2986 1038 3016 ⁴
1049 2984 1102 3036 Ant
1111 2985 1132 3035 si
1143 2985 1200 3051 quis

107 3064 186 3114 num.’
670 3065 750 3120 dicat.
762 3065 794 3114 ad
807 3077 906 3113 coenam
918 3064 1012 3124 soceri,
1029 3060 1199 3109 honorificen-

138 3148 148 3172 Ι
161 3139 248 3190 rems
257 3138 359 3186 maxime
368 3139 517 3204 indignatas]
525 3140 633 3202 Supple,
671 3140 814 3199 tissimum3
833 3153 892 3186 nem
903 3137 963 3201 qnia
972 3150 1022 3184 non
1032 3143 1139 3184 secatam
1150 3134 1201 3184 init

107 3221 174 3262 eret.
206 3213 256 3260 seri
274 3226 321 3272 epo
339 3213 381 3260 bic
394 3213 493 3276 Dictyn
508 3214 633 3274 demirer,
673 3213 797 3274 Achilles,
813 3212 962 3260 succensuit
981 3207 1089 3257 Achivis
1106 3209 1132 3256 in
1150 3209 1200 3258 'l'e-

106 3289 150 3354 qni
169 3287 296 3337 Achillem
317 3301 366 3334 non
387 3293 438 3335 ianr
451 3288 484 3336 ob
495 3288 634 3348 abductam
673 3285 751 3333 stede.
783 3285 833 3332 lite
853 3291 938 3332 satem
958 3275 1079 3344 quianon
1092 3282 1202 3332 estima-

108 3362 307 3428 llippodamiam
327 3361 484 3424 indignatum
501 3362 637 3422 describit,
674 3368 718 3409 ins
731 3357 816 3408 fueret
834 3356 991 3419 succensuit,
1006 3355 1161 3419 acceditque
1173 3355 1200 3404 id

108 3454 182 3503 qnam
199 3437 268 3502 qnod
288 3437 320 3485 ad
336 3450 434 3486 cenem
447 3451 504 3486 cum
515 3437 572 3486 sitis
583 3449 634 3484 ncn
674 3451 707 3486 ex
718 3449 750 3484 eo
760 3434 828 3498 quud
842 3445 892 3482 nnn
904 3439 1008 3482 samius
1020 3427 1089 3480 luit!

108 3513 186 3562 luerit
205 3521 319 3561 vocatus.
356 3512 513 3560 Meminerat
531 3511 635 3560 scilieet
706 3518 719 3544 ⁸
736 3509 852 3560 Omnibus
870 3505 955 3572 sepiis]
974 3503 1129 3555 ‘lustrantis
1144 3505 1200 3554 lsos·

109 3594 197 3638 noster
218 3586 310 3647 Dictys
329 3586 401 3634 Deos
421 3587 500 3635 etiam
519 3585 579 3635 eilm
598 3585 633 3634 ab
674 3586 743 3634 tibus
762 3584 898 3634 adversum
917 3597 946 3629 se
966 3579 1082 3629 omnibns
1101 3579 1200 3642 ceptis!

109 3660 193 3710 simile
206 3659 363 3707 commissum
375 3660 463 3708 clades
473 3661 575 3723 populis
587 3661 633 3709 tm·-
672 3661 880 3724 subintelligitur
892 3656 1136 3722 praeponentem
1147 3669 1200 3703 orn·

109 3735 217 3795 misisse,
235 3739 265 3781 ut
282 3733 314 3780 ab
331 3733 361 3780 iis
378 3747 466 3796 prensa
477 3741 635 3799 repeterent.
675 3732 860 3797 hibuscepiis!
1186 3737 1191 3747 ’

18 3855 19 3866 ,
110 3811 168 3861 lloc
178 3815 266 3860 sutem
278 3807 424 3856 immutasse
432 3807 635 3872 sideturlilctys
706 3806 901 3868 lvitiisresistere]
925 3804 1045 3867 Proprie,
1062 3803 1089 3852 id
1103 3803 1199 3868 est,in·
1237 3827 1240 3834 ·

18 3869 19 3914 Ξ
112 3875 308 3945 'ex-Aristotele,
327 3893 358 3930 rr·
373 3880 450 3932 Rhet.
465 3887 508 3932 it.
525 3884 569 3932 ubl
587 3882 641 3942 hei
677 3883 765 3947 cipere
775 3899 781 3928 :
792 3895 837 3930 nus
846 3879 954 3929 dicimus
965 3881 1063 3928 dusser.

18 3955 19 3988 3
111 3979 147 4009 mr
160 3956 268 4022 paimei
280 3955 544 4012 islieirmreandivai
556 3955 635 4016 situd-
705 3955 834 4018 clance]
851 3955 972 4005 Graecum
983 3951 1073 4003 emtis.

18 4027 19 4046 ³
113 4049 192 4083 rasas·
208 4035 246 4082 dih
258 4032 305 4094 ‘yde
319 4031 348 4080 rh
364 4030 397 4091 μὴ
407 4032 522 4089 κληθῆναι
532 4032 637 4093 ὖἈχιλ·
707 4033 719 4068 i
735 4032 759 4082 A
770 4029 914 4094 mamitus]
935 4029 986 4079 Des
996 4029 1136 4079 seutiaeltes.

19 4153 20 4162 .
114 4107 585 4169 nrbstpmmeroie’nxasoisisnsrsiqi.
607 4108 637 4158 ὀ
709 4105 1039 4168 amanuensium]
1064 4105 1088 4155 1.
1099 4119 1122 4154 e.
1134 4119 1199 4168 pre-

19 4173 20 4194 ³
113 4184 179 4236 ras
194 4181 362 4246 irapstdpsmr
380 4181 484 4249 halem,
502 4181 591 4246 curten
607 4181 634 4237 ti
673 4189 809 4250 occupato.
837 4179 1200 4246 Virg.⁴Volecremquetuga
1243 4173 1248 4184 “
