3036 4918
369 327 418 374 on
439 325 617 376 ulmeam
641 328 752 374 nunu:
776 329 949 378 raosnru.
1153 313 1199 382 87

115 469 206 532 cuba
226 467 341 532 itidem
355 465 444 548 apud
458 471 632 550 utrumque
645 466 747 532 sertin
761 487 837 532 eeu:
854 469 1029 550 complexa
1049 471 1198 536 omnium

113 569 264 632 maximo
272 567 427 648 deinceps
438 563 637 630 defendisse.
659 565 758 630 Adeo
769 568 969 630 conveniunt
980 569 1063 632 inter
1074 588 1110 632 se
1123 569 1197 636 baec

113 667 463 743 omnia,utne1uiuem
478 670 592 746 putem
603 671 807 747 negaturum,
821 673 996 750 utrumque
1005 667 1048 730 ah
1057 687 1124 732 uno
1138 668 1197 734 ha·

90 773 94 780 '
112 768 230 832 baisse
242 785 283 830 ea
306 771 450 841 auctore,
465 769 498 828 et
521 785 620 848 quern
644 773 836 843 memorant,
855 786 922 831 uno
948 766 1083 849 Dictye,
1098 774 1197 849 atque

111 867 161 930 ita
186 873 332 931 nostrum
353 885 470 930 revera
484 863 642 930 Graecum
663 867 757 931 illum
783 866 921 950 Dictyn,
946 876 1008 930 ‘ut
1032 871 1111 942 erat,
1133 865 1199 932 La·

109 967 184 1030 tine
198 965 420 1050 exposuisse,'
434 965 527 1049 quod
540 966 614 1048 ipse
629 967 685 1043 ait,
700 971 803 1048 etego
814 965 1023 1050 probandum
1038 985 1198 1048 suscepe-

109 1085 195 1130 ram.

157 1182 243 1231 xlx.
264 1165 360 1230 ldem
373 1183 454 1228 vero
470 1170 638 1246 agnoscet,
652 1165 852 1248 quicumque
873 1187 948 1232 cum
972 1167 1097 1233 Malela
1118 1187 1198 1233 con·

107 1267 193 1332 ferre
206 1267 310 1331 etiam
329 1265 420 1330 volet
439 1256 589 1330 nostrum
612 1265 808 1349 Septimium
824 1283 864 1330 ιι.
878 1268 930 1333 18.
945 1269 987 1333 de
1002 1268 1199 1352 Polymnes-

108 1372 180 1432 tore
192 1367 360 1432 Threcum
374 1384 452 1446 rege
467 1365 510 1428 ad
534 1365 725 1448 pactionem
740 1374 775 1430 et
789 1367 994 1432 deditionem
1009 1369 1141 1444 adacto,
1155 1369 1197 1433 de

108 1467 278 1551 Polydoro
294 1467 420 1530 Priami
434 1465 505 1531 filio
525 1464 655 1532 Graecis
678 1467 809 1545 tradito,
838 1489 936 1552 quem
962 1469 1021 1534 alii
1043 1468 1195 1553 plerique

106 1585 168 1650 per
181 1569 355 1632 avaritiam
369 1568 456 1632 clam
470 1587 492 1630 a
512 1567 761 1651 Polymnestore
781 1570 989 1634 interiectum
1010 1571 1196 1652 perhibent,

106 1669 196 1732 etde
217 1668 418 1733 Teuthraute
427 1670 545 1734 occiso
556 1671 600 1734 ab
611 1669 730 1753 Ajace,
740 1677 774 1736 et
787 1671 937 1735 abducta
945 1672 1017 1753 ejus
1031 1669 1197 1733 liliaTec·

104 1787 231 1834 messa.
275 1765 328 1830 Ea
341 1769 430 1833 enim
454 1771 565 1834 omnia
584 1789 651 1834 nou
675 1771 820 1836 Maleles
842 1778 984 1846 tanturn,
1001 1770 1059 1834 sed
1083 1775 1117 1832 et
1131 1765 1194 1834 Ge·

103 1869 244 1958 drenns,
259 1885 354 1950 aeque
370 1888 411 1933 ac
426 1857 618 1952 Septimius,
640 1879 674 1938 et
690 1871 805 1935 eodem
822 1871 948 1948 ordine,
962 1871 1034 1934 siue
1049 1869 1120 1933 ulla
1134 1870 1196 1933 cir-

104 1968 387 2036 cumstantiarum
406 1972 567 2034 vanetate
585 1973 683 2035 nohis
698 1971 920 2053 prodiderunt.
964 1971 1068 2036 Porro
1083 1977 1193 2036 autem

105 2071 293 2136 Hectorem
319 2087 379 2152 per
406 2069 546 2134 insidias
571 2091 692 2135 caesum
723 2071 765 2134 ab
791 2069 932 2150 Achille,
954 2091 1030 2136 cum
1058 2072 1194 2136 obviam

105 2170 329 2236 Penthesilea:
341 2169 505 2252 prodiret:
528 2167 640 2242 ,Ununn
655 2189 699 2233 ex
714 2171 805 2234 illius
820 2172 998 2234 comitibus
1009 2176 1194 2234 truncatum

103 2273 272 2347 manibus,
285 2275 318 2334 et
339 2271 389 2334 ita
409 2273 583 2334 remissum
598 2271 750 2352 Trojam;
772 2272 870 2336 isthic
892 2292 927 2335 re
946 2270 1110 2336 intellecta
1123 2269 1194 2334 edi·

104 2381 179 2437 tum
194 2372 351 2454 ejulatum
367 2380 434 2436 tam
449 2373 687 2449 vehementem,
702 2379 742 2435 ut
762 2374 861 2438 etiam
878 2392 960 2436 ares
979 2391 1023 2436 ex
1045 2370 1121 2436 edre
1136 2372 1193 2436 de·

104 2473 268 2538 'cideriutz
305 2472 475 2536 Priamum
500 2492 584 2536 mox
603 2492 680 2536 cum
695 2471 930 2539 Andromacha
953 2481 987 2537 et
1005 2473 1193 2556 'Polyxena

78 2577 233 2638 :venisse
255 2573 298 2636 ad
311 2573 484 2644 Achillem,
505 2591 646 2651 eumque
666 2591 794 2647 orasse,
808 2581 848 2633 ut
873 2575 1019 2634 cadaver
1034 2572 1192 2634 Hectoris

104 2676 171 2739 sibi
181 2672 349 2745 redderet,
365 2671 465 2731 immo
481 2669 639 2731 obtulisse
647 2672 689 2742 ei,
704 2677 780 2748 post
791 2671 1002 2748 impetratum
1011 2670 1083 2748 bru
1094 2670 1193 2732 cada-

101 2793 173 2850 ver,
195 2769 416 2852 Polyxenam,
434 2765 492 2828 sed
516 2784 615 2846 quam
640 2765 803 2830 distulerit
823 2775 903 2830 tunc
917 2766 1083 2830 Achilles:
1107 2767 1193 2830 Peu-

102 2870 281 2937 thesileam
303 2885 392 2941 vero,
408 2865 524 2928 audite
544 2885 624 2928 nece
640 2866 807 2943 Hectoris,
823 2867 926 2931 redire
947 2868 1080 2932 domum
1095 2867 1192 2932 volu-

102 2975 181 3050 isse,
198 2968 259 3034 sed
279 2987 301 3030 a
323 2965 445 3030 Paride
460 2967 565 3029 multo
587 2987 667 3030 auro
688 2967 857 3033 inductam
878 2969 1051 3045 mansisse,
1064 2975 1097 3032 et
1110 2987 1191 3034 mox

104 3072 283 3137 commissa
296 3085 421 3150 pugna,
436 3085 511 3130 cum
528 3068 633 3130 aciem
655 3068 732 3148 ipsa
753 3068 939 3131 ordinasset
952 3075 988 3130 et
1000 3069 1086 3128 inter
1099 3071 1191 3150 equi·

103 3180 151 3237 tes
180 3169 400 3244 constitisset,
425 3167 552 3230 sortiter
574 3166 762 3241 dimicasse,
791 3167 850 3230 sed
873 3167 916 3230 ab
940 3165 1072 3229 Achille
1101 3185 1190 3250 equo

103 3273 279 3355 dejectam,
303 3278 338 3333 et
362 3269 509 3331 crinibus
538 3274 687 3346 tractam,
713 3267 872 3344 occisam,
894 3267 1124 3350 abjectamque
1153 3267 1189 3330 in

102 3374 240 3438 fluvium
260 3368 519 3457 Scamandrum:
542 3367 684 3434 Graecos
706 3368 781 3431 dein
802 3371 981 3450 peremisse
1003 3368 1126 3433 multos
1142 3387 1187 3433 ex

103 3472 277 3536 hostibus:
301 3474 335 3533 at
349 3468 577 3532 Amazonibus
600 3469 801 3552 pepercisse,
824 3469 975 3533 servituti
997 3467 1190 3534 destinatis:

103 3571 249 3635 Venisse
264 3574 384 3652 postea
399 3567 609 3632 Memnonem
626 3567 752 3648 Regem
774 3569 933 3633 Indorum
949 3589 1025 3632 cum
1038 3567 1188 3631 maxima

102 3690 205 3735 manu
220 3671 261 3734 ad
276 3673 448 3752 suppetias
464 3670 602 3734 Priamo
616 3669 789 3733 serendas:
813 3670 920 3733 victos
935 3670 978 3731 ab
993 3686 1033 3731 eo
1048 3665 1188 3730 Graecos

102 3771 145 3836 ad
161 3789 264 3834 naves
285 3770 455 3851 refugisse,
470 3791 555 3852 quas
569 3773 663 3851 ipsas
685 3770 762 3832 sola
782 3789 854 3832 nox
868 3768 1102 3849 superveniens
1117 3785 1188 3827 ser·

102 3871 228 3936 vaserit
243 3890 251 3934 :
274 3878 363 3933 sorte
384 3869 461 3932 dein
474 3869 613 3933 ductum
627 3867 767 3950 Ajacem
782 3866 1023 3940 Telamonium,
1039 3866 1097 3947 qui
1111 3883 1188 3946 pos-

103 3971 197 4034 tridie
214 3989 291 4034 cum
307 3967 486 4032 Memnone
503 3973 685 4048 pugnaret:
706 3966 760 4029 hic
776 3975 854 4028 'vero
869 3983 945 4028 cum
961 3962 1012 4024 illi
1035 3981 1186 4056 succum·

102 4069 199 4148 beret,
208 4067 315 4134 Indos
329 4067 494 4134 invasisse
508 4064 661 4148 Ajacem,
676 4065 737 4128 sed
748 4064 879 4129 interim
892 4061 1070 4140 Achillem,
1081 4065 1186 4132 nuda-
