3036 4918
304 321 348 390 20
486 334 564 384 sne.
589 329 817 383 enarremus
841 327 989 380 enarer.
1011 329 1212 378 osculare.

304 496 376 556 nos,
393 477 608 559 Bongarsios,
630 474 815 551 Boecleroe,
829 471 1020 549 Reinesios,
1039 475 1073 536 et
1093 472 1205 555 plures
1221 471 1257 536 ld
1279 489 1395 554 genus,

306 578 363 660 qui
377 578 456 644 nibil
471 577 605 662 publice
621 575 830 659 profuturum
851 574 1074 657 negligebant,
1086 573 1159 636 sire
1181 591 1225 636 ex
1248 574 1394 638 vetustis

304 678 342 742 id
356 677 575 756 Auctoribus,
590 696 677 761 quos
694 676 869 758 diligenter
887 676 1044 757 legebant
1057 675 1136 759 ipsi,
1150 675 1269 740 etaliis
1285 677 1393 758 magis

304 781 504 863 explanatus
524 779 660 854 dabant,
681 775 910 860 repetendum,
923 777 995 842 sive
1018 795 1063 841 ex
1086 795 1194 842 rerum
1213 785 1334 841 natura
1360 782 1396 840 et

305 898 368 944 usn
384 879 577 963 quotidiano
592 896 682 942 nunc
696 877 830 941 demum
846 877 1027 942 eruendum
1049 879 1143 943 soret
1188 875 1242 942 At
1258 897 1279 941 o
1294 897 1395 959 qnam

306 980 457 1064 dispares
475 980 532 1044 illa
545 997 630 1042 nunc
654 978 782 1060 passim
808 997 869 1042 sen
893 979 1060 1042 Dominos
1073 980 1173 1042 babet
1188 998 1245 1042 seu
1261 978 1395 1060 inquili-

306 1098 367 1145 nos
377 1082 384 1145 t
396 1081 454 1162 qni
469 1082 512 1144 ab
520 1077 741 1162 Antiquitatis
754 1077 889 1155 studiis,
904 1097 965 1162 per
975 1097 1051 1160 quar
1064 1080 1149 1156 sola,
1165 1079 1395 1162 superioribus

306 1182 442 1244 soeculis
464 1179 583 1245 iterum
598 1183 727 1256 exortu,
743 1179 959 1244 certissimum
976 1186 1028 1244 est
1049 1188 1093 1243 ex
1108 1179 1250 1261 caligine
1266 1179 1396 1244 densis·

307 1280 395 1342 sima
419 1298 534 1343 omnes
555 1278 657 1343 etiam
686 1297 802 1343 sacres
825 1278 1058 1362 profanasque·
1076 1278 1272 1362 disciplinas
1293 1298 1397 1343 emer·

306 1379 391 1442 sisse
406 1381 560 1445 continuo
573 1379 608 1442 in
624 1379 867 1443 serenissimam
881 1380 1004 1455 lucem,
1019 1387 1176 1444 revocant
1184 1389 1295 1444 tamen
1306 1378 1396 1444 Aea·

307 1477 473 1542 demicam
488 1480 613 1561 pubem
638 1479 680 1541 ad
706 1499 802 1543 unum
824 1479 907 1544 illud
928 1487 963 1545 et
977 1481 1239 1544 recentissimum
1255 1481 1397 1546 Germa·

307 1578 372 1640 nite
381 1579 438 1661 jus
452 1579 635 1660 publicum,
651 1578 715 1642 hoc
729 1585 781 1644 est
796 1580 840 1644 ad
868 1601 994 1644 meram
1014 1581 1219 1654 Barbariem,
1234 1583 1263 1644 si
1286 1581 1394 1645 solum
1517 1596 1518 1601 ’

308 1676 504 1743 Academiis
518 1680 664 1756 incubet,
677 1699 738 1744 nec
759 1679 847 1744 scire
861 1681 1040 1763 quicquam
1062 1679 1165 1755 alind,
1180 1682 1244 1745 nisi
1271 1701 1349 1745 suas
1365 1686 1399 1746 et

308 1781 360 1843 sui
378 1781 539 1865 temporis
561 1801 615 1846 res
630 1779 808 1858 desideret,
823 1781 915 1863 quod
939 1781 1113 1846 Barbariei
1136 1783 1306 1866 proprium
1331 1789 1397 1859 est,

308 1891 343 1950 et
359 1904 492 1967 semper
512 1884 586 1947 suit.
631 1882 811 1964 Ceteroqui
832 1883 1026 1964 neutiquam
1053 1891 1140 1947 certe
1163 1903 1226 1966 ego
1241 1884 1351 1960 velim,
1367 1884 1398 1947 si

308 1987 450 2050 meires
475 1991 564 2047 esset
585 1983 726 2060 arbitrii,
752 1983 981 2048 adolescentes
1006 1983 1088 2047 nihll
1114 2002 1238 2059 eorum,
1264 1985 1399 2065 quaein
1513 2012 1515 2070 χ

308 2105 371 2149 usu
386 2103 472 2147 nuuc
487 2082 657 2159 habentur,
680 2101 890 2164 cognoscere,
905 2091 961 2148 aut
975 2103 1035 2148 sna
1054 2086 1086 2147 in
1101 2087 1211 2167 patria
1225 2103 1301 2148 esse
1322 2084 1400 2148 bos·

309 2189 409 2271 pites,
421 2205 462 2250 ac
477 2184 625 2268 publicae
646 2184 821 2260 retrudas
844 2185 905 2246 sed
926 2191 1101 2265 utrumque
1124 2205 1231 2266 agere,
1246 2187 1400 2250 laborum

308 2289 417 2350 facere
434 2285 569 2366 gradus,
579 2283 673 2347 aliud
689 2285 722 2345 in
738 2281 933 2344 Academiis
947 2300 1061 2346 curare
1076 2285 1297 2366 potissimum,
1308 2285 1401 2349 aliud
1512 2254 1515 2283 ⁴

308 2386 366 2447 ubi
373 2385 444 2464 jam
459 2385 502 2444 iis
516 2381 640 2444 relictis
655 2378 698 2442 ad
721 2397 771 2440 res
790 2379 952 2458 gerendas
967 2381 1140 2446 accedunt.
1186 2383 1255 2445 Hic
1277 2403 1343 2447 non
1358 2403 1400 2446 ea

309 2482 443 2567 quidem
458 2481 578 2546 nostris
591 2481 625 2543 in
641 2479 752 2542 sundis
768 2479 923 2542 atrociter
934 2479 1018 2542 adeo
1034 2486 1203 2562 grassatur
1217 2483 1401 2562 calamites,
1454 2477 1463 2488 ’

296 2584 366 2648 ¹sed
382 2584 487 2648 nihilo
501 2591 608 2648 tamen
624 2582 734 2645 minus
749 2581 918 2663 pestilenti
934 2581 1040 2645 sidere
1055 2581 1177 2664 partim
1192 2581 1304 2644 mollis
1318 2583 1402 2648 edu-

310 2687 413 2762 catio,
427 2691 461 2750 et
473 2685 583 2768 segnis
597 2684 739 2760 luxuria,
751 2685 872 2767 partim
893 2676 985 2748 acris
997 2683 1110 2759 tactio,
1122 2703 1197 2764 quee
1213 2684 1326 2746 omnia
1340 2685 1402 2748 do·

308 2795 365 2851 nat
378 2788 496 2850 studiis
511 2788 664 2866 partium,
680 2793 717 2848 at
731 2786 906 2859 doctrinae,
929 2785 1111 2860 industriae,
1139 2784 1262 2865 ingenii
1278 2785 1401 2848 meritis

309 2883 490 2946 nihilfecit
510 2883 640 2962 reliqui,
657 2881 784 2944 afflavit
798 2884 904 2944 bonas
919 2887 1017 2956 artes,
1034 2892 1070 2945 et
1083 2883 1246 2963 extinguit
1266 2885 1401 2964 penitus

310 2978 444 3061 ingenie
460 2980 633 3062 juvenum,
647 2981 704 3062 qui
720 2981 763 3043 ad
778 2983 823 3043 rei
839 2981 984 3061 publicae
1000 3000 1114 3044 curam
1131 2989 1164 3046 et
1177 2981 1297 3049 futurae
1318 2991 1400 3050 aeta·

312 3084 356 3145 tis
372 3082 475 3144 decus
490 3099 621 3162 surgere
636 3099 677 3145 ac
699 3080 818 3144 instrui
838 3079 1016 3144 debebant.
1060 3081 1129 3145 Sed
1155 3092 1281 3166 quanto
1294 3085 1401 3166 magis

312 3183 423 3247 omnia
436 3199 524 3244 nunc
540 3187 625 3244 retro
641 3185 747 3251 ruunt,
768 3186 890 3262 quanto
905 3181 1012 3262 magis
1027 3165 1343 3266 exilem'redigimur
1364 3187 1399 3248 in

312 3299 495 3356 nurnerum,
523 3287 617 3344 tanto
642 3283 778 3364 astringi
801 3282 939 3358 arctius,
968 3282 1187 3368 sanctiusque
1211 3285 1278 3349 coli
1302 3285 1400 3350 decet

311 3378 586 3444 necessitudinem
600 3379 705 3456 illam,
721 3399 798 3462 qnae
815 3381 921 3444 semel
943 3383 1026 3446 inter
1046 3403 1175 3466 paucos
1190 3386 1266 3450 illos
1281 3405 1398 3452 eorun-

313 3481 389 3544 dem
412 3498 580 3543 sacrorum
596 3480 764 3543 antistites
787 3489 840 3544 est
865 3482 1061 3546 constituta.
1105 3483 1189 3549 Tnae
1213 3486 1248 3548 in
1269 3505 1322 3548 me
1342 3505 1400 3550 ro·

312 3581 458 3654 luntatis
474 3581 644 3662 mutuique
660 3580 752 3642 -inter
779 3600 839 3644 nos
865 3583 987 3644 umoris
1014 3592 1261 3648 monumentum
1286 3593 1399 3652 extare

313 3683 485 3766 publicum
500 3679 636 3743 voluisti
652 3681 751 3762 prior.
797 3680 912 3743 Meum
935 3687 986 3745 est
1000 3689 1096 3748 tanto
1119 3685 1304 3750 studiosius
1326 3687 1400 3750 istis

315 3784 471 3848 amicitiae
499 3781 618 3845 officiis
638 3780 846 3864 respondere,
872 3787 905 3844 ct
930 3802 1006 3847 cum
1031 3786 1177 3849 maxime
1200 3805 1324 3864 curare,
1347 3806 1399 3863 ne,

315 3886 449 3948 sublato
472 3903 575 3968 nuper
590 3903 609 3947 e
627 3885 712 3947 vivis
728 3903 856 3946 summo
873 3885 919 3946 rei
934 3885 1094 3951 literariae
1108 3888 1210 3964 malo,
1221 3887 1305 3950 Viro
1317 3884 1400 3948 Arn-

315 3984 478 4066 plissimo,
502 3984 600 4048 Fred.
627 3984 751 4049 Bened.
780 3985 977 4069 Carpzovio,
1002 3989 1175 4072 praecipuo
1200 3989 1400 4054 commercii

314 4085 420 4147 nostri
430 4084 652 4150 conciliatore
661 4093 694 4151 et
707 4086 901 4175 interprete,
917 4088 1007 4154 illius
1021 4107 1101 4153 usus
1115 4108 1202 4155 nunc
1218 4089 1399 4164 exolescat,
