3052 4900
407 320 457 366 ns
481 319 609 368 sxcrn.
631 321 757 372 rnorn
779 325 926 374 nrsron.
1090 347 1093 356 ·
1137 309 1203 376 827

114 459 256 525 *Hector
269 460 342 524 suit.
388 460 571 526 Diomedes
585 466 619 524 et
633 460 775 544 Ulysses
789 462 898 528 dicere
913 473 1093 548 cmpermrt,
1106 469 1202 536 Troi-

117 559 193 622 lum
208 579 272 624 non
286 562 396 625 minus
411 562 530 626 fortem
537 562 649 644 pirum
664 580 854 645 essequam
871 563 1068 631 Hectorem:
1083 570 1201 654 sicque

120 656 285 728 Menelao
298 662 491 726 resistentes
505 662 627 726 bellum
642 663 709 743 geri
731 661 958 745 prohibebant.
1002 662 1142 732 Calchas
1156 691 1200 736 ex

119 759 262 840 augurio
275 762 457 844 respondit,
473 761 591 827 debere
605 783 762 846 pugnare,
775 781 836 828 nec
850 779 966 827 curare
979 760 1091 843 quod-⁷
1104 770 1200 834 modo
1248 797 1252 809 ·

120 860 309 941 superiores
323 861 458 944 Trojani
470 861 601 926 fuerint.
645 863 699 946 [31
706 863 728 935 .]
748 863 898 946 Tempus
911 847 1031 944 pugnae
1047 879 1202 944 superve-

118 958 181 1022 nit.
225 959 463 1042 Agamemnou,
480 962 665 1041 Menelaus,
682 965 871 1042 Diomedes,
893 962 999 1047 Ajex,
1021 963 1202 1030 exercitum

117 1059 281 1124 educunt:
308 1070 424 1126 contra
450 1062 599 1145 Trojani.
662 1065 719 1128 Fit
747 1084 863 1147 magna
892 1065 1013 1140 oaedes,
1040 1071 1204 1147 pugnatur

118 1161 249 1237 acriter,
261 1166 398 1245 uterque
414 1163 581 1226 exercitus
594 1165 678 1228 inter
691 1185 727 1228 se
742 1167 893 1229 saeviunt.
936 1165 1068 1230 Troilus
1084 1164 1201 1228 Mene·

116 1258 211 1325 laum
225 1262 364 1338 sauciat,
378 1263 500 1325 multos
512 1261 678 1339 interficit,
691 1263 834 1344 Argivos
844 1264 877 1326 in
889 1267 998 1327 castra
1007 1263 1120 1346 fugat3
1134 1283 1202 1327 nox

114 1349 269 1442 praelium
283 1359 417 1424 dirimit.
461 1361 604 1426 Postera
617 1364 670 1428 die
685 1364 817 1428 Troilus
832 1368 866 1428 et
874 1363 1064 1430 Alexander
1077 1365 1202 1428 exerei-

102 1463 192 1524 'tum
221 1461 375 1552 educunt.
432 1461 556 1539 Contra
586 1482 702 1528 omnes
731 1461 847 1546 Argivi
875 1464 1058 1546 prodeunt:
1082 1466 1201 1530 acriter

71 1595 79 1610 ι
114 1560 283 1643 utrimque
306 1566 480 1644 pugnatur.
520 1562 653 1626 Troilus
674 1563 868 1628 Diomedem
884 1565 1035 1630 sauciat:
1057 1566 1091 1628 in
1112 1563 1201 1647 Aga·

114 1661 324 1732 memnonem
347 1664 600 1745 impressionem
614 1661 706 1737 facit,
720 1682 850 1727 necnon
865 1663 987 1730 faciem
1000 1665 1108 1747 ipsius
1123 1683 1201 1730 sau·

115 1762 196 1838 ciat,
223 1761 367 1844 Argivos
392 1763 501 1828 caedit.
545 1762 610 1826 Per
637 1761 768 1852 aliquot
790 1761 863 1824 dies
889 1768 1051 1843 pugnatur
1072 1766 1201 1841 acriter,

114 1862 225 1926 multa
238 1863 342 1928 millia
356 1862 525 1928 bominum
541 1882 582 1926 ex
598 1871 735 1945 utraque
748 1865 839 1943 parte
853 1859 1067 1926 trucidantur.
1109 1861 1200 1944 Aga·

114 1982 282 2040 memnon,
307 1971 345 2030 ut
368 1965 454 2028 vidit
475 1963 634 2054 majorem
660 1968 790 2045 partem
814 1962 1034 2026 exercitus'se
1049 1963 1200 2046 quotidie

113 2065 278 2143 amittere,
302 2084 410 2148 neque
426 2063 576 2128 sufficere
592 2083 707 2146 posse,
727 2063 827 2127 mittit
840 2062 993 2126 inducias
1007 2071 1143 2146 petere⁸
1164 2065 1198 2128 in

112 2184 178 2230 sex
191 2185 331 2229 menses.
375 2165 531 2228 Priamus
547 2166 722 2228 concilium
738 2165 837 2246 cogit,
861 2163 986 2228 rndrcat
998 2163 1198 2245 Argivorum

110 2243 322 2344 legationem.
365 2264 500 2327 Troilus
512 2271 612 2347 negat
624 2266 696 2328 dan
720 2273 786 2328 tam
813 2264 913 2346 longo
934 2269 1080 2347 tempore
1104 2265 1198 2329 iudu-

100 2365 203 2442 Notas,
202 2365 273 2428 sed
288 2351 426 2449 potius
417 2367 663 2449 impressionem
677 2363 771 2444 fieri,f
790 2386 891 2431 naves
916 2364 1059 2430 incendi.
1103 2364 1198 2431 Pria-

95 2473 190 2564 „mus
203 2467 290 2549 quid
300 2468 420 2550 cuique
435 2465 585 2538 videatur
603 2468 714 2532 dicere
735 2469 889 2551 imperat.
945 2467 1108 2532 Omnibus
1124 2469 1197 2549 pla-

113 2567 225 2629 'citum
220 2573 294 2642 est,
307 2558 428 2634 debere
443 2567 514 2631 fieri
528 2568 617 2650 qnod
627 2568 749 2649 Argivi
763 2574 897 2646 petunt:
913 2573 993 2628 tuno
1006 2566 1089 2626 fiunt
1099 2567 1198 2627 iudu-

112 2665 178 2730 ciee
193 2666 228 2726 iu
241 2678 304 2726 sex
318 2661 459 2726 menses.
493 2662 730 2750 Agamemnon
744 2662 923 2724 honorifice
939 2678 1019 2721 suos
1034 2660 1197 2737 sepelieu-
1242 2747 1244 2756 Ι
1294 2725 1296 2729 ,

102 2745 180 2829 dos
196 2765 311 2843 curate
302 2751 545 2838 ·Diomedem,
563 2760 755 2822 Menelaum
773 2759 909 2821 saucios
924 2762 1028 2820 curat.
1064 2757 1199 2841 Trojani

112 2884 232 2949 seque
215 2865 310 2936 suos
318 2861 501 2946 sepeliunt.
544 2861 637 2924 Dum
651 2858 793 2937 induciae
809 2864 896 2936 sunt,
909 2856 1137 2940 Agamemnon
1152 2878 1198 2924 ex

49 2965 67 3006 Ἃ
113 2945 246 3034 consilii
261 2963 484 3040 senteutiaad
504 2961 666 3028 Achillem
689 2954 765 3025 cum
792 2961 937 3026 Nestore
961 2959 1195 3043 proficiscitur,

113 3072 151 3130 ut
164 3063 309 3147 rogaret
308 3085 384 3140 eum
406 3065 443 3128 in
465 3063 589 3128 bellum
612 3062 754 3145 prodire.
797 3061 945 3128 Achilles
959 3059 1065 3124 tristis
1081 3065 1196 3152 negare

115 3167 269 3256 eoepitse
285 3166 575 3256 proditurum,·,sed
591 3182 709 3248 pacem
732 3165 801 3246 peti
823 3169 984 3244 oportere,
998 3162 1154 3274 conqueri
1166 3170 1196 3226 :⁸

146 3429 231 3485 lero
242 3415 337 3492 Delplr.
394 3392 401 3414 t
445 3477 447 3484 ,

413 3559 422 3575 “
601 3571 708 3624 norm
833 3561 835 3565 ’

145 3667 256 3722 ‘Mittit
270 3659 376 3718 Mete
390 3597 513 3728 'munli‘
505 3666 634 3718 ‘’Petere
676 3667 722 3716 rc!
755 3663 806 3715 Ubi
827 3663 902 3712 deest
928 3632 1049 3710 verbnm
1060 3643 1277 3736 contraris3¹·'‘'

113 3761 160 3809 pro
171 3741 314 3808 ‘petitum’
338 3741 410 3799 Virg.
429 3739 569 3800 ‘Suspensi
583 3741 634 3789 En·
654 3739 867 3804 significationis
878 3737 957 3786 verbo
967 3749 1082 3798 negare
1104 3739 1212 3798 ιιιιιιιρι”

114 3821 229 3886 rypylum
238 3813 634 3868 reitatnmoracntaPhoebiblit·
674 3815 747 3875 dicit,
757 3815 876 3890 iprpcrat
904 3811 944 3859 De
944 3823 1004 3878 quo
1015 3808 1196 3872 loquendimo-

112 3894 208 3946 ttmur!
352 3905 360 3918 ”
674 3887 707 3938 do
718 3888 818 3938 abunde
828 3885 898 3949 apud
910 3883 1015 3946 Dictyn

145 3970 157 4002 ι
169 3969 215 4019 Μ
230 3962 491 4034 mmmmm
499 3961 569 4026 fian]
591 3963 638 4014 ste
705 3953 1220 4028 rcmqaerr1Rspeteeoepit,'acom·.

112 4045 231 4096 merrhae
244 4041 351 4108 pagina:
370 4037 489 4100 ‘Negare
507 4038 587 4100 coepit
603 4053 634 4087 rs
671 4040 750 4090 naut.

113 4119 282 4186 proditurum,
293 4114 338 4166 red
345 4125 445 4180 pacem
461 4109 659 4177 {ratispone-'7‘
725 4153 747 4187 ,ι
798 4192 799 4200 ¹
841 4195 843 4202 y
