3052 4900
544 339 752 390 nrtnnntx.

336 717 632 795 nnscnslns·
655 715 968 838 nannenus,

465 1023 467 1028 ,
519 960 616 1018 veno
632 961 780 1014 nonme

232 1157 563 1300 casana
627 1158 1066 1272 smonrrns,

240 1421 283 1481 tn
304 1423 538 1485 PARADOXIS
561 1424 799 1502 intentante,
820 1427 1013 1488 EPISTOLA
1035 1429 1071 1486 V.

109 1893 214 1959 Hine
236 1914 336 1980 porro
358 1897 504 1982 judicari
527 1907 648 1982 potest,
669 1901 766 1984 cnjus
787 1907 874 1966 notae
896 1899 1012 1964 Critioi
1034 1899 1113 1975 sint,
1133 1898 1191 1981 qni

107 1993 280 2064 historiam
302 2001 390 2066 Belli
410 2001 559 2085 Trojaui,
580 2022 656 2086 quta
676 2003 811 2068 Daretis
825 2001 961 2085 Phrygii
975 2019 1094 2066 nornen
1108 2017 1193 2082 prm·

107 2098 183 2177 lert,
198 2119 221 2165 a
234 2101 388 2168 Cornelio
403 2101 540 2187 Nepote
556 2103 678 2169 Latine
689 2122 887 2170 conversam
902 2120 1074 2168 censuere.
1117 2099 1194 2164 Ele·

105 2201 220 2280 gantia
233 2201 318 2286 Styli
332 2204 450 2269 ductos
464 2205 498 2270 irl
514 2205 632 2270 fecisse
644 2204 817 2272 lohannes
832 2204 974 2282 Sararo,
995 2202 1096 2267 homo
1111 2198 1194 2264 Gal*

106 2299 173 2376 lus,
190 2298 331 2382 judicat
376 2300 479 2371 Hand
503 2305 573 2372 ridi
594 2307 720 2390 magis:
742 2327 819 2373 eum
840 2307 899 2391 qui
918 2303 974 2371 vel
995 2299 1194 2387 primoribus

105 2399 212 2464 labris
240 2403 344 2468 bonos
372 2404 567 2473 Latinitatis
597 2419 751 2474 auctores
779 2407 902 2490 attigit,
931 2404 1103 2472 historiam
1127 2405 1196 2465 tam

105 2499 303 2570 lutulentam
316 2525 382 2572 non
403 2510 471 2574 nisi
485 2509 529 2574 ab
542 2509 673 2574 homine
693 2509 935 2582 indoctissimo,
955 2507 1014 2587 qni
1026 2523 1089 2568 uec
1101 2501 1197 2599 mini-

105 2619 200 2664 mum
214 2601 325 2664 Lattm
339 2609 503 2668 sermonis
517 2617 651 2680 gastum
663 2622 809 2682 nmquam
829 2604 987 2675 hauserit,
1012 2601 1114 2662 scribi
1135 2615 1195 2678 po·

106 2699 214 2764 tuisse
243 2698 358 2762 statim
387 2705 568 2780 agnoscu:
604 2700 655 2760 ita
682 2697 717 2760 in
742 2696 895 2762 omnibns
923 2693 1065 2776 pagellis
1092 2711 1196 2758 ease

107 2796 263 2876 offerunt,
279 2815 354 2880 qnae
368 2803 423 2860 τῶν
438 2795 577 2874 sereretur
593 2797 740 2860 claustra
752 2793 925 2876 resipiant,
947 2801 1005 2861 aut
1018 2793 1197 2860 111111110-

33 2967 37 2981 ,
105 2917 183 2964 rum
197 2897 367 2964 cancellos
380 2915 486 2981 nuper
500 2897 677 2964 admodum
692 2894 864 2978 refregisse
873 2896 1054 2963 videantur.
1100 2897 1197 2965 Faci-

107 2999 178 3066 lius
192 2998 297 3066 mnlto
308 2997 563 3082 intelligentibus
576 2997 677 3064 fidem
690 2996 861 3073 fecissent,
882 2998 913 3061 si
931 2999 1105 3062 historiam
1118 3001 1198 3064 alte·

108 3119 192 3192 1111,
203 3101 301 3185 cujas
316 3101 439 3184 Dictys
450 3097 629 3188 Cretensis·
636 3104 753 3163 auctor
766 3091 966 3172 inscribitur,
976 3097 1020 3160 arl
1031 3090 1197 3178 Nepotem

109 3203 309 3281 retulissent,
324 3201 451 3288 qnippe
466 3203 510 3267 ad
525 3202 623 3288 cnjus
634 3199 712 3285 styli
721 3195 970 3264 similitudinem
979 3191 1197 3278 illaproxime

109 3304 252 3383 accedit,
267 3308 305 3368 ut
318 3305 452 3369 omnino
466 3301 603 3382 Velleii,
617 3300 747 3367 Valerii
758 3296 914 3375 Maximi,
922 3303 957 3361 et
965 3293 1072 3360 0111111
1083 3288 1196 3371 aetate,

110 3404 276 3487 abaliquo
288 3404 451 3489 elegantis
461 3403 582 3488 ingenii
591 3411 626 3470 et
635 3397 756 3488 judicii
770 3400 915 3476 homine,
931 3396 1034 3463 11111111
1048 3396 1155 3479 matie
1165 3405 1197 3465 et

109 3503 373 3584 exercitationis,
388 3505 515 3592 scripta
528 3505 691 3584 videatur,
704 3504 770 3570 etsi
786 3500 953 3568 nonnullis
966 3499 1054 3565 locis
1070 3498 1198 3582 ahquid
1254 3540 1258 3547 -

58 3648 66 3658 -
111 3601 192 3668 mali
206 3601 331 3666 a'rnnla
345 3604 377 3665 ei
390 3607 556 3686 objectum
571 3615 624 3672 est
636 3623 750 3683 1111110,
763 3603 855 3688 qnod
867 3608 901 3668 et
909 3599 991 3666 belli
1001 3597 1198 3664 Alexandri·
1233 3625 1241 3648 ·

110 3700 146 3765 111
168 3700 333 3784 scriptori,
355 3707 391 3764 at
412 3703 488 3766 aliis
508 3713 671 3786 praeterea
688 3697 839 3785 contigit.
879 3701 998 3767 losias
1018 3698 1198 3776 Mercerns,

112 3801 259 3866 virsano
273 3819 401 3884 magnae
415 3801 611 3868 eruditionis
626 3803 763 3888 acrique
778 3803 920 3886 judicio,
935 3800 1124 3887 peririrolis
1138 3800 1199 3866 dn·

112 3898 198 3964 citur
222 3902 433 3985 argumentis,
457 3906 494 3966 ut
516 3919 591 3965 eam
611 3910 688 3984 post
705 3900 915 3967 Constantini
931 3903 1065 3967 demum
1082 3901 1198 3986 Magni

113 4003 247 4064 aetatem
260 4003 417 4084 scriptam
430 4008 533 4084 putet.
577 4001 714 4066 Scilicet
737 4003 772 4065 in
792 4001 986 4085 praefatione
1008 4003 1198 4080 Consularis

114 4099 225 4166 Cretae
239 4100 277 4166 fit
290 4098 424 4180 mantin,
440 4121 516 4186 quae
532 4103 662 4187 imperii
677 4102 862 4188 appellatio
877 4109 927 4167 est
942 4094 1110 4170 recentior.
1150 4105 1199 4169 At
