3036 4918
293 263 337 328 rt
552 272 630 322 rac.
655 269 846 322 rraruosrr
873 271 1119 322 urseuuurrro

293 415 442 498 regiona
469 423 508 482 ut
528 415 715 496 strando,
736 419 1004 492 commemorant,
1027 415 1116 498 quod
1145 433 1221 480 cunr
1246 415 1306 480 alii
1329 416 1384 480 in-

295 517 397 592 ciuut,
418 514 553 598 Tragici
581 516 846 600 frequentissimo
867 515 1009 592 faciunt,
1038 514 1161 597 quibus
1186 517 1321 580 niuirne
1344 517 1386 580 id

295 616 547 682 muuodeudoru
560 625 632 682 est:
654 615 734 680 nihil
756 617 844 681 euim
864 633 909 678 ex
929 633 1074 696 persona
1096 614 1218 698 poiitre,
1233 615 1296 680 sod
1310 633 1387 680 onr-

295 717 353 782 uiu
365 717 429 782 sub
442 737 569 796 eorum,
579 719 638 800 qui
653 717 712 782 illo
727 723 876 798 tempure
888 715 1052 792 vixerunt,
1066 716 1234 780 dixerunt
1278 714 1391 794 Quod

296 816 417 900 siquis
438 837 460 882 n
478 818 641 882 Thoesaio
664 815 823 880 Herculis
845 815 961 880 Reos
986 815 1174 899 appellator
1194 815 1388 880 'l'uesoaios

299 917 393 994 dicii,
407 917 578 983 reddenda
590 918 653 982 erit
674 918 707 982 ei
728 917 825 994 reno,
837 934 896 982 cur
915 935 1085 999 uunquam
1106 923 1184 980 ante
1206 916 1388 999 insequen-

299 1023 367 1084 tem
386 1017 586 1084 Thessalum
603 1037 646 1082 ea
668 1037 750 1100 gens
773 1018 810 1083 id
831 1017 977 1082 nominis
991 1015 1216 1100 usurpaverit!
1259 1015 1389 1099 Liquet

300 1135 347 1182 ex
364 1117 417 1182 his
433 1119 577 1212 'abuuda
605 1121 702 1202 louge
724 1119 881 1184 seriorem
904 1117 1061 1200 ’l'rcjnuis
1082 1115 1288 1200 temporibus
1309 1135 1390 1180 esse

300 1215 392 1284 illum
407 1219 679 1302 appellationem.
721 1219 789 1284 Sed
809 1226 845 1284 et
859 1219 916 1302 qui
930 1235 1006 1282 eum
1016 1217 1059 1282 ub
1073 1215 1235 1281 nauco
1253 1213 1392 1280 Hemn-

300 1317 343 1382 iis
366 1318 405 1382 F.
419 1319 624 1396 derivabant,
647 1337 714 1384 nou
736 1327 846 1386 tamen
869 1318 959 1382 iliius
981 1325 1131 1400 tempore
1152 1319 1311 1399 coeptum,
1327 1313 1391 1378 sed

302 1415 475 1498 eliquanto
491 1425 571 1500 post
588 1421 632 1482 ab
646 1419 737 1484 iilius
757 1419 912 1484 Thessali
925 1418 1068 1502 posteris
1082 1422 1198 1494 ortaur,
1212 1423 1246 1480 et
1258 1415 1391 1496 regioni

304 1515 348 1579 ab
363 1533 400 1578 se
412 1523 587 1602 occupator
599 1521 635 1584 iu
647 1519 805 1584 honorem
819 1518 1039 1602 progenitoris
1053 1517 1106 1581 sui
1117 1517 1312 1596 imperinm
1321 1521 1394 1580 tru-

304 1615 437 1683 debant.
467 1618 557 1684 Vide
571 1620 766 1684 Strabonem
781 1619 840 1683 lib.
853 1634 908 1683 rx.
923 1625 1082 1683 extremo.
1114 1617 1213 1683 Adde
1224 1616 1393 1681 antoniis

305 1711 428 1782 Veiieii
443 1719 544 1784 etiam
558 1739 608 1796 co,
630 1737 708 1802 qne
729 1737 810 1784 mox
832 1725 991 1784 memorat
1014 1719 1103 1784 idem
1123 1719 1166 1784 de
1191 1715 1393 1792 'Corintho

304 1816 430 1882 rurrlto'
450 1821 571 1885 etiam‘
582 1818 1184 1905 postliiumcapturu’lsicuomiuatu,
1196 1827 1230 1886 et
1242 1827 1358 1884 tumen
1371 1835 1394 1880 a

304 1925 419 1982 nosne
438 1919 559 2004 Dictys
573 1925 697 2006 saepius
722 1923 797 1987 solo
809 1924 876 1988 hoc
893 1919 1037 1986 Nomine
1052 1922 1231 2004 designata.
1273 1919 1340 1982 Sed
1355 1925 1396 1981 et

305 2015 373 2080 hnc
397 2019 514 2097 resero,
537 2021 626 2105 quod
649 2021 860 2106 ‘Corcyram
882 2021 1082 2102 Monam:
1103 2022 1147 2086 ab
1162 2021 1271 2086 AEueu
1292 2023 1396 2084 ‘con-

306 2117 474 2186 stitutam’
490 2123 536 2187 ait
559 2141 593 2189 v,
616 2124 670 2189 17.
692 2125 883 2190 ‘ciuitatem
904 2125 968 2199 his,
993 2124 1052 2205 qui
1075 2140 1189 2186 secum
1210 2123 1396 2202 nauigare-

306 2221 400 2286 rnut.'
443 2221 572 2288 Etenim
587 2224 777 2308 ‘Corcyrae’
798 2242 919 2288 nomen
940 2221 1078 2284 necdum
1103 2221 1221 2285 habuit
1242 2227 1324 2286 tuuc
1350 2241 1397 2285 ne

307 2323 480 2406 praecipuu
493 2323 625 2406 quidem
639 2324 739 2388 istius
753 2321 896 2386 nominis
916 2320 1039 2395 insula,
1055 2321 1242 2404 saepissime
1254 2321 1335 2386 iicet
1347 2324 1398 2386 ab
1508 2377 1509 2382 ,

310 2419 459 2488 Homero
468 2428 657 2501 memorata,
672 2421 730 2486 sed
744 2421 836 2486 dictu
850 2421 894 2485 ab
906 2437 947 2482 θο
959 2417 1082 2504 Σχερῐα,
1098 2428 1134 2483 et
1150 2418 1284 2480 Φαιάκων
1299 2425 1400 2500 νῆσος,

309 2526 345 2586 at
358 2533 475 2606 postea
497 2526 641 2602 demum,
657 2526 759 2590 immo
781 2523 916 2590 demum
935 2529 1115 2605 postquam
1130 2517 1294 2584 corinthii
1316 2539 1399 2588 eam
1508 2551 1509 2592 t

304 2631 489 2704 ‚tenuerunt
505 2626 535 2690 si
557 2626 639 2690 fides
656 2626 794 2702 Coroni,
813 2621 966 2710 Κιρκῦρας,
980 2641 1041 2688 seu
1057 2618 1251 2705 ‘Corcyrae'
1273 2637 1398 2687 nomen
1508 2639 1509 2718 ξ

307 2729 450 2808 accepit.
493 2727 584 2791 Vide
599 2729 755 2792 Palmarii
770 2725 936 2789 Graeciam
952 2713 1133 2804 Antiqnu'm
1145 2721 1246 2821 ¹.¹·l⁰·
1289 2719 1398 2798 Quod
1508 2723 1509 2768 3

310 2827 341 2888 si
359 2825 467 2902 major
488 2823 598 2883 insula
611 2823 756 2904 ¹necdum
781 2821 816 2883 id
842 2839 960 2884 nomeu
983 2829 1060 2884 tunc
1084 2822 1242 2902 temporis
1265 2822 1396 2901 habuit,
1508 2847 1509 2886 t

309 2937 417 3001 neque
444 2919 549 2982 minor
576 2919 634 2982 illa
659 2928 693 2983 ct
715 2922 849 2984 interior
872 2922 905 2982 iu
927 2919 1103 2984 Adriatico
1125 2922 1208 2986 ruari
1231 2921 1395 2989 habuisse
1508 2915 1509 2920 ἵ

309 3019 450 3084 videtur.
495 3018 592 3084 Certe
609 3021 760 3104 epitheto
775 3021 1008 3099 distinotionis,
1022 3025 1059 3084 ut
1072 3021 1235 3087 diceretur
1249 3022 1397 3106 Corcyra

311 3119 502 3204 Nigra,sen
516 3119 659 3199 Μέλαινα,
681 3142 768 3207 opus
781 3143 847 3188 uon
871 3123 946 3200 suit,
967 3123 1101 3205 quando
1123 3124 1216 3188 nulia
1238 3125 1306 3188 alia
1325 3133 1396 3188 erat

310 3221 432 3297 insuia,
447 3242 523 3304 quae
538 3225 605 3286 isto
625 3225 757 3286 nomine
773 3223 1009 3305 designaretur.
1054 3221 1153 3286 Adde
1161 3223 1245 3306 jam,
1261 3223 1394 3290 Strabo·

310 3322 532 3410 nemtrudereg
546 3325 661 3386 urbem
672 3325 772 3388 istius
787 3325 916 3402 insolae,
931 3343 996 3387 non
1011 3325 1054 3388 ab
1064 3325 1181 3402 AEuea,
1191 3325 1248 3388 sed
1263 3344 1284 3389 a
1300 3324 1395 3389 ‘Cui-

312 3419 398 3486 diis'
413 3423 591 3500 conditam,
608 3425 758 3488 vradld.

311 3564 313 3572 ·
338 3506 481 3586 xxva.
504 3523 607 3586 Porro
633 3531 742 3587 autem
770 3544 873 3608 quam
897 3527 1045 3606 ineptum
1075 3531 1129 3588 est
1151 3529 1184 3588 et
1206 3527 1349 3590 alienum
1372 3545 1394 3588 a

310 3623 450 3707 {frojaui
465 3625 621 3706 temporis
640 3627 813 3708 scriptore,
829 3625 919 3708 quod
942 3630 1101 3688 memorat
1114 3625 1156 3689 de
1175 3626 1280 3690 literis
1295 3626 1396 3690 Puni·

272 3732 274 3736 ’
311 3725 375 3803 cis,
389 3726 431 3789 ab
445 3724 574 3789 Cadmo
598 3725 782 3809 Duuaoque
806 3725 948 3802 traditis,
962 3726 1086 3809 quibus
1105 3727 1139 3789 in
1160 3724 1397 3790 conscribenda

313 3815 378 3890 hac
405 3823 546 3890 historia
568 3843 649 3889 usus
668 3826 725 3904 sit,
742 3831 774 3890 et
796 3825 839 3890 de
861 3826 1080 3891 ‘diversitate
1107 3825 1284 3890 sermonis’
1308 3826 1395 3888 inter

314 3923 468 4005 Graecos,
483 3928 584 3993 immo
599 3932 635 3990 et
647 3927 741 4010 ipsos
753 3924 872 4005 Cretae,
881 3929 978 3992 nnius
992 3925 1121 4004 insulse,
1135 3925 1275 3990 incolas.
1304 3921 1394 3988 Nam

314 4023 466 4090 ‘literas'
482 4028 596 4110 utique
612 4025 733 4092 diversi
749 4013 876 4108 generis
889 4045 954 4090 nou
975 4026 1160 4104 habueruut
1173 4022 1393 4111 antiquissimi
