3036 4918
489 359 610 408 senus
630 361 778 410 rnorcn.
1147 348 1191 414 71

114 529 263 593 pauper:
286 517 322 574 at
350 510 487 591 Bagam,
512 511 659 576 Troicor.
689 511 744 574 40.
774 511 908 576 Hector.
950 515 1083 584 Scilicet
1105 515 1188 602 quia

115 610 243 675 Hector
271 610 423 693 depictus
443 609 573 689 sedena,
602 611 693 694 apud
711 610 930 688 Pausaniam,
944 612 978 674 in
997 614 1132 682 Phocic.
1153 623 1188 682 et

114 715 248 792 utraque
264 728 362 772 manu
377 711 500 774 laevum
512 731 601 792 genu
616 729 793 793 premens:
817 709 903 774 tristi
917 709 1091 774 admodum
1104 713 1187 780 facie

111 813 142 870 et
154 808 285 886 lugubri
299 808 426 872 habitu.
471 810 523 874 Sit
538 811 611 894 tibi,
623 811 808 874 Pausaniae
824 809 1033 887 auctoritate,
1051 809 1188 890 Hector,

111 905 244 986 Begere,
259 913 394 989 propter
415 927 528 973 arcum
544 917 579 972 et
603 910 788 992 pharetram
801 907 976 993 (Herculis
992 911 1072 974 olim
1086 911 1190 996 arma)

109 1004 188 1068 mihi
201 1013 293 1069 carta
308 1005 532 1074 Philoctetes:
553 1029 652 1091 quem
675 1027 811 1092 quoque
837 1009 956 1074 eadem
975 1009 1063 1075 facie
1087 1029 1189 1093 nuper

110 1106 316 1186 exhibebam,
332 1107 460 1174 Pictur.
475 1110 636 1192 Loquent.
648 1110 703 1176 2S
717 1109 803 1174 Tab.

327 1421 594 1498 TABULA
644 1421 965 1502 SECUNDA.

480 1678 565 1746 VII.
611 1678 819 1746 EUROPA.

508 1845 588 1947 lna.
604 1862 630 1907 ι.
652 1843 740 1908 Car.
754 1845 787 1910 2.

146 2010 164 2108 f
180 2005 310 2072 Omnes
325 2027 368 2073 ex
384 2010 508 2092 crime
522 2011 681 2091 Europae,
697 2029 773 2090 qum
787 2011 822 2073 in
838 2029 880 2074 ea
894 2009 1002 2076 insula
1018 2028 1148 2075 summa

492 2110 648 2190 religione
663 2109 803 2174 colitur!

148 2238 323 2316 Eunoen,
345 2238 513 2334 Agenoris
536 2240 630 2322 Tyrii
644 2239 736 2316 tiliae,
753 2239 872 2304 aJove
885 2246 991 2322 raptae
1008 2245 1041 2302 at
1054 2239 1090 2301 in
1112 2237 1192 2302 cra·

106 2342 178 2398 tam
193 2337 333 2401 insulam
348 2338 484 2415 delatae,
497 2357 543 2402 ex
559 2337 660 2406 ovid.
676 2356 716 2406 ιι.
733 2339 871 2404 Metam.
891 2338 966 2403 875.
986 2345 1019 2402 et
1042 2355 1076 2402 u.
1098 2337 1189 2402 Fast.
1241 2332 1250 2348 '

102 2435 179 2497 605.
201 2455 328 2502 necnon
342 2437 495 2516 Horatio,
512 2455 565 2502 ιιι.
582 2435 647 2503 Od.
661 2439 715 2504 27.
730 2439 782 2503 15.
795 2439 982 2504 notissima.

147 2535 235 2600 Haec
250 2545 358 2602 autem
372 2539 464 2602 facta
477 2539 711 2620 pulcherrima,
723 2545 903 2620 postquam
924 2539 1035 2624 puella
1048 2536 1189 2620 Angelo,

103 2633 202 2698 doris
226 2643 260 2697 ct
282 2637 428 2698 lunonis
451 2635 533 2708 lilia,
562 2635 762 2714 pigmentum
788 2635 885 2697 matri
904 2643 1088 2714 surreptum
1112 2635 1190 2698 huic

104 2733 298 2797 obtulisset.
343 2731 561 2808 ScholiasteS,
578 2731 621 2793 ad
635 2729 776 2792 Theocr.
793 2745 834 2792 ιι.
846 2729 948 2812 Idyll.
961 2733 1014 2792 12.

149 2829 433 2915 Eupostmodum
449 2831 654 2918 Sidoniorum
670 2829 733 2892 dea
747 2849 755 2908 ;
778 2825 871 2892 cultu
886 2829 975 2893 illius
991 2828 1193 2896 institutoin

105 2933 266 2998 solatium
280 2931 454 3014 Agenoris,
467 2938 545 3013 post
557 2931 658 2994 filiam
673 2949 694 2993 a
710 2927 860 2995 Cretensi
876 2929 1017 3012 quodam
1033 2931 1190 3013 praedone

105 3042 246 3117 raptam.
283 3033 338 3097 Ita
353 3032 531 3108 Lucienus,
547 3031 587 3094 de
602 3031 679 3094 Dea
694 3030 803 3113 Syria.

146 3133 251 3216 Apud
268 3131 456 3197 Corinthios
479 3139 599 3208 tamen,
612 3152 671 3213 per
691 3127 886 3195 Elloticrum
906 3129 1003 3208 festa,
1018 3131 1053 3192 in
1067 3150 1190 3214 pompa

106 3235 249 3316 Europae
264 3233 574 3297 circumferebantur
590 3250 680 3296 ossa.
723 3228 919 3307 Athenaeus,
932 3245 996 3292 xv.
1009 3229 1041 3292 6.

98 3413 102 3424 Ι
147 3333 286 3399 Interim
310 3332 383 3416 ejus
404 3339 527 3407 vector,
552 3340 667 3395 taurus
690 3330 901 3415 (aliis'navie
916 3337 980 3407 est,
1001 3339 1133 3394 taurum
1154 3329 1190 3392 in

106 3453 221 3518 puppe
250 3433 378 3513 pictum
407 3431 599 3508 ostendens,
625 3435 660 3495 et
684 3449 750 3494 non
775 3427 916 3513 animal)
934 3431 1019 3495 inter
1047 3429 1190 3496 Zodiaci

109 3533 286 3597 duodecim
311 3533 408 3614 signa
432 3532 590 3596 coelestia
615 3532 752 3598 relatus.
808 3530 973 3613 Hyginm,
999 3527 1189 3592 Astronom.

109 3632 207 3698 Po'rit.
223 3648 264 3694 ιι.
286 3631 340 3694 21.
364 3632 501 3709 Seneca,
527 3630 634 3696 Herc.
661 3631 739 3696 Fur.
762 3631 795 3697 3.
819 3629 991 3704 Manilius,
1017 3645 1041 3688 ι.
1063 3624 1190 3690 Astro-

105 3753 193 3798 nom.
1001 3766 1006 3777 ·

148 3829 326 3913 Europam,
342 3849 360 3893 e
381 3827 593 3894 Sidoniorum
609 3827 818 3895 Numismatc
839 3826 890 3910 (in
903 3843 972 3908 quo
986 3824 1109 3904 legunt,
1124 3821 1190 3887 Cu·

104 3933 196 3997 tonia
224 3931 363 3995 Aurelia
389 3929 453 3993 Pla
477 3927 678 4013 Metropolis
705 3924 829 4007 Sidon)
851 3921 1002 4007 depinxit
1023 3919 1187 4001 Vaillant

105 4029 222 4096 (tolon.
240 4047 280 4095 ιι.
296 4029 371 4093 104.
