3052 4900
722 345 928 396 nunnnnrx.

488 853 705 948 onnus
755 830 1173 952 Bonurcfflus

809 1105 851 1146 DE

404 1291 631 1370 vanls
682 1295 947 1374 LATINAE
997 1300 1263 1379 LINGUAE

602 1553 863 1634 AETATIBUS,
890 1557 979 1622 Pro.
1004 1560 1053 1624 12.

634 1827 1021 1844 —n—-u-t--n-n—h—

290 2091 336 2157 Iu
359 2090 527 2176 Argentea
547 2092 703 2177 Scioppii
718 2097 816 2158 aetnte
839 2081 999 2158 nonnulla
1019 2091 1118 2158 etiam
1136 2090 1371 2156 desiderabunt

290 2194 404 2258 sorsum
417 2194 475 2278 qni
489 2213 557 2260 rem
570 2195 731 2260 attentius
744 2193 968 2277 expenderint.
991 2193 1113 2277 Dictys
1125 2191 1295 2257 Cretensis
1306 2207 1376 2255 non

289 2285 507 2376 mpioesentut
526 2296 655 2376 genium
672 2293 764 2358 illius
787 2294 915 2359 seculi.
959 2293 1089 2375 Pugnet
1103 2294 1236 2376 quidem
1256 2311 1317 2375 pro
1331 2289 1373 2356 eo

289 2392 498 2458 vehementer
515 2394 709 2477 Scioppius,
724 2401 756 2459 et
771 2396 905 2460 omnino
919 2393 1055 2472 Velleii,
1070 2392 1200 2460 Valerii
1219 2393 1374 2469 Maximi,

289 2496 346 2555 nut
359 2491 467 2554 Curtii
478 2497 578 2554 oetute
590 2493 633 2555 ub
647 2494 761 2574 aliquo
772 2494 933 2574 elegantis
941 2493 1062 2574 ingenii
1073 2499 1107 2566 et
1112 2494 1232 2578 judicii
1240 2494 1371 2557 homine

290 2588 452 2672 scriptum
478 2588 667 2666 arbitretur,
689 2594 788 2669 inque
815 2592 944 2650 Josiam
972 2593 1168 2666 Mercerum,
1191 2595 1372 2670 negantem,

289 2691 422 2767 acerbe,
437 2699 528 2753 more
543 2707 616 2766 suo,
630 2686 799 2752 invehitur.
821 2686 889 2750 Sed
903 2686 1050 2752 Vossius
1062 2689 1233 2753 maturiori
1242 2687 1371 2770 judicio

290 2790 445 2854 transfert
468 2789 661 2873 scriptorem
685 2788 785 2866 hunc,
801 2789 876 2853 Lib.
902 2788 945 2854 de
968 2789 1062 2854 Hist.
1085 2789 1196 2857 Latin.
1210 2790 1244 2854 in
1263 2784 1373 2855 cenum

288 2887 500 2951 Constantini
515 2888 641 2970 Magni,
656 2895 727 2965 unt,
742 2888 835 2972 quod
855 2887 965 2954 adhuc
980 2889 1191 2954 verisimilius
1212 2895 1323 2972 putat,
1337 2891 1374 2954 id

248 3027 251 3034 ·
288 2987 417 3069 aliquot
430 2992 508 3070 post
520 2985 773 3053 Constantinum
788 2989 946 3071 Magnum
962 2995 1090 3053 aetates'.
1115 2988 1206 3066 Quin
1220 2996 1255 3067 et
1268 2982 1371 3056 dictid

288 3087 366 3168 ipse
378 3085 480 3170 hrrjus
496 3084 541 3165 Q.
556 3087 711 3171 Septimii
727 3087 885 3166 Romani,
899 3088 974 3175 (qni
991 3089 1116 3172 Dictyn
1131 3089 1289 3174 Graecum
1299 3108 1373 3156 ver·

289 3187 372 3252 tisse
387 3184 559 3272 creditum)
569 3195 747 3272 utcumque
763 3209 829 3255 uon
842 3190 1026 3273 inelegans,
1041 3189 1140 3254 refert
1152 3195 1261 3256 temen
1276 3207 1370 3274 saepe

290 3288 406 3354 nescio
419 3287 500 3372 quid
515 3306 693 3372 creperum,
705 3295 739 3355 et
752 3292 823 3356 nuri
838 3293 934 3356 tereti
946 3292 1152 3356 inusitatum.
1185 3290 1274 3368 Quis
1284 3293 1371 3354 enim

291 3394 456 3472 urgentem
468 3391 577 3454 aetnlis
585 3391 753 3475 judicabit
762 3392 858 3457 istut
884 3410 909 3455 1.
924 3392 965 3455 de
979 3392 1078 3457 Bello
1092 3390 1227 3474 Trojen.
1248 3389 1372 3468 ‘Inde‚'

289 3490 406 3573 inquit,
428 3489 536 3572 ‘quod
552 3490 625 3571 jem
644 3488 835 3554 Alexander
858 3492 1015 3574 abreptis,
1037 3507 1113 3573 qum
1135 3489 1297 3572 cupierat,
1313 3489 1372 3552 ub·

290 3591 492 3656 secesionem
512 3591 725 3672 properabat,
741 3601 866 3674 paruo·
888 3598 1037 3672 tempore
1060 3590 1178 3654 armati
1199 3589 1245 3654 ed
1266 3607 1371 3662 neves

290 3689 444 3756 veniunt!
486 3689 595 3755 Paulo
610 3696 709 3774 post:
731 3689 863 3775 ‘Atque
884 3692 932 3755 ite
953 3687 1147 3773 sagittatisb
1166 3690 1239 3773 jam
1253 3690 1370 3773 praelio

289 3789 441 3856 hostibus
449 3791 613 3858 eradunt!
634 3792 750 3872 Dices,
759 3794 914 3875 sagittare
923 3795 1063 3874 probum
1071 3796 1129 3857 est.
1151 3789 1230 3855 Non
1238 3790 1370 3868 damno,

291 3889 352 3952 sed
373 3897 537 3975 argenteae
561 3893 669 3956 aetutis
693 3912 767 3957 esse
789 3893 875 3957 unde
897 3891 1198 3957 demonstrabiturl
1241 3888 1371 3962 Justiui

291 3987 427 4070 quidem
441 3997 494 4054 est
511 4007 573 4057 xn.
590 3991 698 4057 Solini
711 3993 765 4058 22.
779 3989 899 4077 chct.
913 3993 955 4056 de
975 4011 1012 4056 re
1030 3990 1132 4056 Milit.
1152 4006 1207 4056 111.
1222 3991 1254 4056 9.
1269 3995 1302 4055 et
1317 3990 1370 4058 15.

536 4146 541 4156 ⁸
614 4176 625 4202 ¹
642 4173 670 4219 L.
682 4187 737 4234 pro.
866 4175 877 4208 l
893 4175 924 4226 L.
934 4174 1058 4238 faligaria.
