3028 4900
390 361 437 410 nn
462 361 580 411 nunno
604 363 774 413 rnorrno
799 358 868 414 ure.
892 365 932 414 li.
1129 341 1194 415 137

100 501 240 566 ornculi
261 501 439 567 firmavere.
485 505 636 568 Ceterum
650 505 762 570 Groeoi
776 507 891 570 multis
910 505 1196 572 immolationibus

101 601 206 666 Deos
230 602 394 685 adjutores
417 605 550 687 incepto
572 593 764 670 invocantes
787 605 910 670 Aulide
931 625 1005 670 cum
1023 607 1190 688 praedietis

99 699 252 763 navibus
266 701 407 765 veniunt.
451 705 563 786 Atque
584 704 662 767 inde
683 721 822 787 propere
837 707 993 785 navigare
1008 707 1193 786 incipienti·

98 797 194 861 bus²
217 800 286 863 dux
300 799 468 884 Telephus
477 811 491 837 ¹¹
513 805 557 866 ob
573 807 744 886 acceptam
759 803 897 885 gratiam
910 805 1026 868 tactus.
1069 805 1124 868 Ita
1138 823 1192 868 as·

100 897 220 961 censis
245 901 400 978 navibus,
425 911 543 967 ventos
567 905 680 979 nacti,³
702 904 823 987 paucis
845 904 963 968 diebus
987 903 1031 967 ad
1057 903 1192 985 Trojam

6 1081 7 1086 ἵ
98 1009 289 1075 pervenere.
312 1001 392 1081 [lL]
404 1001 469 1064 Per
482 1003 568 1066 idem
583 1009 713 1090 tempus
725 1003 901 1084 Sarpedon
915 1003 1041 1088 Lycius
1050 1003 1191 1080 Xanthi,

99 1101 137 1158 et
167 1097 406 1177 Iraodamiee,tv
434 1101 662 1184 frequentibus
690 1101 812 1168 nuntiis
840 1123 862 1166 a
891 1104 1027 1168 Priamo
1052 1103 1193 1176 nocitus,

100 1197 181 1259 cnm
195 1217 318 1280 magna
333 1207 535 1265 armatorum
549 1221 649 1265 manu
664 1201 877 1266 adventabat.
922 1203 958 1266 Is
969 1203 1027 1265 ubi
1042 1201 1194 1265 animad-

97 1298 206 1360 vertit
220 1300 341 1380 procul
355 1317 510 1376 magnam
524 1300 592 1359 vim
608 1299 767 1360 classium
788 1298 955 1360 admotam
974 1301 1088 1373 littori,
1101 1307 1195 1361 ratus

96 1400 141 1456 ut
153 1395 328 1473 negotium
343 1400 427 1468 erat,
450 1411 593 1474 propere
608 1409 689 1456 suos
703 1393 842 1468 iustruit,
857 1393 1062 1475 Graecosque
1085 1395 1197 1474 egredi

97 1492 304 1571 incipientes
318 1491 455 1554 invadit.
479 1491 601 1572 Neque
611 1492 714 1554 multo
727 1497 804 1572 post
816 1489 994 1557 Priamidae
1005 1509 1041 1555 re
1052 1493 1195 1574 cognitu,

100 1589 248 1671 arreptis
263 1591 362 1652 armis
377 1595 564 1656 accurrunt:
588 1609 666 1654 curn
690 1591 822 1654 interim
837 1591 949 1656 Greci
971 1591 1102 1656 infestis
1116 1592 1197 1656 hos-

100 1690 211 1765 tibus,
223 1696 259 1752 et
274 1689 362 1753 omni
376 1690 475 1754 modo
489 1690 703 1767 instantibus,
712 1707 822 1772 neque
832 1692 944 1772 egredi
954 1693 1026 1755 eine
1036 1692 1192 1774 pernicie,

100 1805 216 1869 neque
229 1805 320 1852 arma
334 1808 454 1870 capere
463 1797 482 1824 '
503 1791 644 1853 turbatis
659 1789 825 1866 omnibns,
839 1796 873 1854 et
888 1791 932 1854 cb
945 1792 981 1853 id
995 1797 1119 1853 cuncte
1133 1789 1195 1854 im-

103 1887 332 1968 pedientibus,
356 1895 503 1970 possent.
551 1887 603 1951 Au
617 1894 817 1972 postremum
831 1895 952 1966 tumen,
971 1889 1004 1951 hi
1021 1888 1144 1970 quibus
1158 1889 1195 1952 in

104 2005 149 2049 ea
171 1986 386 2050 festinatione
399 1988 548 2052 armandi
563 1994 668 2051 semet
682 1995 839 2070 potestus
858 1989 931 2065 init,
946 1988 1130 2053 confirmati
1145 1988 1195 2050 in-

105 2094 158 2147 ter
174 2087 380 2161 seinvicem,
397 2089 518 2151 ecriter
533 2087 648 2150 hostes
662 2085 841 2150 incurrunt.
885 2087 953 2150 Sed
976 2091 1011 2150 in
1027 2106 1069 2151 ea
1081 2104 1195 2169 pugne

104 2183 329 2260 Protesilaus,
346 2185 442 2267 cnjus
457 2187 554 2248 navis
569 2186 835 2266 primoomnium
854 2187 1098 2252 te‘rrae'admoto
1110 2189 1194 2262 erut,

560 2361 743 2384 ”cuonone

103 2473 180 2531 eneti,
198 2471 287 2525 inserit
298 2472 394 2539 Deiph·
406 2482 481 2526 vocer
496 2489 529 2526 ee
545 2481 721 2530 autentim-4
739 2478 804 2530 Post
819 2475 955 2528 hunniae
975 2475 1079 2526 exhibet
1099 2474 1197 2539 Delptr.

601 2625 708 2675 NOTAE

139 2717 365 2780 annueremus]
384 2717 482 2767 Verum
493 2718 537 2768 arti
547 2733 634 2768 omnes
676 2715 798 2772 tument!
825 2717 885 2771 Ubi,
896 2723 926 2765 ut
941 2715 1020 2769 vides,
1039 2727 1126 2763 eorum
1143 2715 1199 2777 opi-

106 2793 425 2854 concentiuut'l'eiephum
433 2793 582 2840 societatem
590 2793 636 2842 rui·
674 2791 778 2839 nionem
787 2791 880 2854 tangit,
890 2790 933 2853 qni
943 2788 1116 2851 Sarpedonem
1125 2784 1198 2837 iovis

8 2869 9 2874 ’
105 2867 176 2914 iitiae
204 2879 346 2920 recusasse,
374 2866 442 2928 qnod
468 2874 537 2915 esset
558 2879 637 2928 gener
675 2863 1024 2928 etEuroprefiiiurudicunt.
1052 2862 1198 2926 Interquoe

106 2933 217 2990 Priami.
251 2940 348 3004 Hygin.
371 2940 423 2990 fei).
443 2945 499 2990 1⁰1.
523 2939 566 2989 ‘A
586 2956 635 3004 quc
674 2937 823 3002 Apollodor.
841 2938 969 2988 Herodot.
986 2934 1074 2989 strab.
1091 2935 1198 2986 Heriod.

106 3020 304 3076 competerent
324 3022 352 3063 ut
370 3027 458 3064 secum
477 3013 510 3064 ad
529 3015 635 3078 'frojam
663 3012 848 3073 ,Buechiiiden
856 3018 884 3062 et
895 3012 947 3061 etii.
963 3012 1058 3061 Verum
1070 3009 1199 3060 Homerus

107 3089 308 3152 expugnandam
319 3089 379 3152 iret,
394 3102 443 3138 non
456 3090 635 3152 impetrarunt,
674 3087 744 3135 iiinrn
756 3086 829 3137 Jovie
840 3093 868 3136 et
879 3084 1024 3135 Laodeniae
1035 3083 1114 3133 fiiinm
1126 3083 1200 3144 dicit,

107 3163 179 3225 quod
191 3164 213 3210 ἰι
224 3163 361 3211 Laodicen
373 3163 470 3210 Priami
483 3162 561 3212 titiam
573 3177 635 3211 uxo·
674 3159 806 3222 ipsamque
821 3159 985 3208 Laodamiam
996 3157 1075 3206 tiliam
1084 3157 1200 3205 Bellero-

107 3247 165 3283 rem
173 3233 355 3289 haberemini
364 3235 397 3280 eb
407 3233 559 3283 beneficium
567 3235 636 3298 qnod
676 3231 788 3294 phontis.
831 3232 892 3280 Fuit
916 3237 943 3279 et
967 3231 1031 3279 atine
1055 3228 1199 3291 Sarpedon,

10 3359 12 3386 r
109 3317 169 3357 euru
180 3310 313 3363 sanarunt,
323 3317 368 3351 eos
379 3301 499 3362 deduxit,
512 3307 583 3350 iocee
594 3321 638 3350 ιιι-
678 3303 797 3360 Neptuui
809 3301 887 3359 filine,
897 3309 973 3361 quem
984 3297 1113 3348 Hercules
1122 3301 1200 3368 inter·

110 3387 164 3432 tem
176 3388 204 3430 et
215 3379 308 3430 itinera
320 3373 526 3426 demonstravit!
677 3373 750 3422 fecit.

143 3465 156 3489 t
173 3454 277 3516 Xanthi,
288 3457 311 3502 et
322 3449 468 3512 Lcmamtoe]
493 3447 565 3498 Male
580 3445 636 3513 qui·
710 3453 726 3480 ⁸¹
743 3445 901 3510 Nequeurmu
914 3445 1007 3510 capere]
1023 3444 1106 3498 Rideo
1117 3453 1200 3514 certe,

11 3515 12 3522 ἵ
113 3532 188 3580 dam:
205 3531 213 3559 ‘
223 3528 302 3578 Anthi
312 3535 340 3576 et
352 3521 523 3575 homodeo)
554 3523 638 3586 Hnjne
678 3530 705 3573 et
716 3522 849 3587 scriptoris
859 3522 933 3586 hujus
941 3523 1069 3585 judicium
1079 3523 1201 3576 demiror.

11 3611 12 3630 ³
112 3604 211 3655 Xanthi
227 3602 343 3651 meminit
360 3599 541 3662 intinguetin.
553 3611 638 3650 xvrrr.
677 3596 735 3648 Jarn
755 3596 844 3646 Graeci
867 3610 924 3645 cun
946 3597 1097 3658 Sarpedone
1119 3599 1201 3663 Lycio

11 3739 12 3742 Ἴ
112 3679 154 3728 12.
165 3676 199 3725 de
211 3676 269 3724 Cir.
280 3675 342 3723 Dei.
372 3673 446 3723 ‘Per
464 3687 508 3722 eor
526 3686 605 3722 annon
621 3687 638 3722 a
676 3687 767 3722 munus
778 3676 980 3730 conserueraut3
994 3671 1049 3719 atii
1060 3673 1200 3722 adventan-

114 3763 176 3816 rege
187 3747 295 3799 Xantho
304 3747 475 3809 Cretensium,
482 3747 557 3810 cnjus
568 3747 638 3809 apud
677 3745 748 3795 tibus
757 3745 874 3808 Trojenie
884 3745 976 3793 minum
992 3745 1019 3793 in
1035 3744 1138 3794 modum
1148 3751 1202 3797 tre·

115 3829 178 3878 ulios
201 3821 273 3874 eliud
292 3833 386 3868 nomeu
404 3820 556 3885 invenimus,
576 3819 638 3885 (Ae-
677 3819 779 3884 pidaut,
797 3823 904 3881 parent,
922 3818 961 3868 ita
977 3823 1007 3865 nt
1024 3817 1066 3865 vix
1077 3830 1201 3872 armana.

115 3898 174 3950 terii
186 3893 314 3958 scilicet)
330 3898 405 3956 rapte
421 3894 572 3954 perhibetur
587 3895 639 3942 Eu·
678 3907 741 3959 pere
753 3891 863 3942 turbatis
881 3890 997 3939 omnibu·
1014 3891 1122 3952 possint.
1153 3895 1200 3944 Ni.

115 3987 180 4035 rope
197 3978 225 4020 et
246 3971 306 4020 inde
326 3967 408 4030 geniti
424 3965 640 4030 Rhadamimtus,
677 3969 768 4018 mirum
790 3965 864 4028 hujm
886 3977 977 4028 pugne
999 3965 1142 4018 meminisse
1163 3969 1201 4020 ite

118 4045 260 4107 Sarpedon,
274 4048 302 4092 et
320 4042 415 4096 Minoe,
434 4053 499 4103 quoe
516 4042 596 4103 megi·
607 4057 639 4092 ex
678 4041 799 4091 horrebat
811 4039 913 4102 Dictys,
924 4045 964 4099 ut,
974 4052 1031 4087 enm
1040 4038 1095 4088 hec
1106 4041 1201 4091 rcribe-

119 4117 206 4167 eedem
217 4117 324 4166 muliere
334 4113 399 4164 iiiios
407 4112 545 4165 Jovinene
553 4115 639 4179 rutge-
678 4122 728 4178 rer,
745 4113 782 4164 iiii
793 4114 876 4164 adhuc
888 4127 942 4178 pra
954 4113 1044 4163 tinore
1055 4127 1113 4164 curn
1123 4127 1201 4166 mem.
