3052 4900
857 167 868 196 ί

399 323 447 368 nn
469 318 600 368 uxcrn.
623 321 747 370 rnorn
772 325 918 374 nrsron.
1134 311 1198 378 301

111 470 165 527 tas
180 465 218 527 in·
230 462 462 527 Laomedontis
476 463 584 545 patris
597 482 691 540 nece,
713 472 747 527 et
768 466 802 528 in
822 467 1018 534 abductione
1034 471 1199 539 Hesionae

110 553 312 646 pertulisset,
324 565 435 654 omnia
448 570 555 628 tamen
569 583 670 648 aequo
687 566 797 628 animo
811 585 999 648 passurum,
1008 572 1036 634 si
1046 572 1199 638 Hesiona

112 666 142 728 ei
157 666 357 732 redderetur.
401 663 456 743 [5.]
478 663 637 741 Antenor,
659 671 697 730 ut
713 667 867 730 Priamus
887 669 1074 750 imperavit,
1088 678 1199 740 navim

112 765 317 845 conscendit,
327 775 363 830 ct
371 766 543 850 profectus
553 767 646 831 venit
656 765 862 850 Magnesiam
871 769 914 833 ad
925 769 1077 832 Peleum.
1092 772 1199 848 Quem

111 867 235 932 Peleus
250 868 394 950 bospitio
409 865 518 930 triduo
533 869 670 949 recepit,
686 868 738 932 dic
753 875 895 951 quarto·
921 857 1018 950 rogaf
1030 889 1105 934 eum
1121 875 1202 953 quid

99 971 246 1033 ¹venerit.
301 968 450 1034 Antenor
465 969 550 1032 dicit
566 989 607 1034 ca
621 989 698 1052 quae
723 990 744 1034 a
766 971 903 1037 Priamo
924 972 1081 1036 mandata
1102 981 1204 1046 erant,

111 1069 235 1134 Graios
250 1069 511 1153 postulare,¹’'ut
535 1070 689 1134 Hesiona
703 1072 905 1159 redderetur.
923 1123 927 1130 .
949 1072 1037 1137 Haec
1055 1075 1113 1138 ubi
1138 1073 1203 1138 Pe·

109 1171 182 1234 leus
198 1173 337 1248 audivit,
351 1173 492 1252 graviter
506 1173 596 1247 tulit,
620 1191 661 1235 eo
675 1172 767 1254 qnod
782 1173 846 1236 boc
861 1175 1021 1254 pertinere
1036 1176 1078 1238 ad
1102 1195 1139 1238 se
1153 1177 1203 1240 vi·

87 1305 89 1314 =
111 1273 252 1336 debat:c
268 1274 366 1354 jubet
381 1291 456 1346 eum
473 1272 515 1334 de
529 1271 655 1335 finibus
669 1273 742 1335 suis
756 1273 939 1338 discedere.
983 1274 1130 1338 Antenor
1153 1277 1204 1338 nis

109 1358 157 1434 bil
173 1378 330 1446 moratus,
345 1371 455 1434 navim
472 1371 635 1445 ascendit,
657 1372 719 1435 iter
731 1372 813 1436 t'ecit
827 1373 1032 1438 Salaminam
1047 1375 1090 1440 ad
1105 1375 1204 1440 Tela-

55 1503 59 1512 ·
109 1491 261 1536 monem:
283 1490 399 1552 rogare
415 1491 491 1534 eum
506 1473 625 1552 coepit,
645 1478 679 1535 ut
699 1473 833 1536 Priamo
851 1493 995 1539 sororem
1014 1476 1204 1541 Hesionam

111 1573 281 1650 redderet3
297 1573 457 1636 nonenim
470 1590 545 1635 esse
560 1591 691 1654 acquum
707 1573 844 1637 tamdiu
860 1576 894 1638 in
909 1576 1069 1640 servitute
1083 1577 1205 1640 habere

111 1677 192 1757 regii
207 1676 336 1756 generis
351 1675 512 1756 puellam.
555 1674 717 1737 Telamon
732 1675 893 1740 Antenori
913 1679 1100 1759 respondit,
1119 1679 1204 1744 nihil

111 1796 184 1840 ase
201 1777 336 1840 Priamo
357 1776 502 1839 tactum:
525 1774 582 1838 sed
598 1775 689 1856 quod
706 1776 841 1840 virtutis
856 1795 963 1841 causa
978 1777 1133 1842 donatum
1147 1777 1204 1856 sit,
1234 1843 1239 1850 ,

89 1897 148 1942 ,οε
173 1878 296 1941 nemini
322 1876 494 1940 daturum:
526 1875 571 1936 ob
597 1875 661 1938 boc
688 1875 888 1940 Antenorem
912 1875 1024 1940 insula
1038 1877 1204 1942 discedere

107 1979 214 2062 jubet.
239 1977 386 2040 Antenor
401 1976 512 2058 navim
528 1975 787 2053 conscenditis
805 1976 967 2042 Achaiam
984 1979 1085 2043 venit.
1122 1979 1204 2044 Inde

113 2081 154 2142 ad
172 2077 349 2142 Castorem
363 2083 395 2138 et
410 2075 586 2138 Pollucem
601 2075 743 2152 delatus,
757 2078 865 2160 coepit
885 2080 928 2143 ab
951 2081 1004 2144 liis
1019 2078 1204 2162 postulare,

112 2184 147 2241 ut
162 2179 298 2240 Priamo
319 2175 563 2252 satisfacerent,
591 2184 625 2240 et
647 2176 679 2240 ei
706 2177 893 2244 Hesionam
920 2198 1069 2244 sororem
1087 2179 1205 2243 redde-

111 2287 195 2344 rent.
218 2276 339 2340 Gastor
354 2283 388 2377 et
403 2276 530 2339 Pollux
546 2286 748 2360 negaverunt
761 2279 917 2363 injuriam
932 2281 1067 2346 Priamo
1081 2279 1205 2344 iactam

603 2505 710 2556 NOTAE

112 2637 224 2697 legatum
240 2633 398 2681 Antenorem
410 2635 524 2693 mittere,
537 2641 565 2680 nt
577 2647 639 2679 nun·
682 2643 718 2692 te,
729 2647 805 2694 quiam
816 2648 861 2680 rex
875 2633 979 2693 Lyeiae:
1000 2629 1206 2691 Ἐννῆμιιρξεένισ·

113 2712 201 2768 tieret,
213 2709 323 2766 diceret,
343 2722 381 2766 se,
399 2708 514 2768 quamvis
534 2707 641 2766 injurias
682 2723 720 2766 σε,
729 2706 768 2752 καὶ
779 2707 846 2753 έννέοι
856 2707 917 2760 βοῦς
928 2704 1037 2766 ἱέρευσεν·
1047 2705 1116 2752 Ἀλλ’
1127 2705 1167 2752 ὅτε
1178 2705 1207 2762 δὴ

112 2785 162 2833 sibi
175 2792 270 2844 graves·
278 2781 310 2828 ab
322 2782 369 2828 bis
387 2780 431 2841 qni
450 2793 506 2826 curn
525 2779 642 2828 exercitu
682 2779 769 2836 δεκέτη
781 2779 855 2840 ἐφάνη
865 2778 1206 2843 ῥοδοδάκτυλοςήένς,Κνιὶτόνε

113 2862 241 2908 venerant
270 2855 295 2902 in
321 2852 501 2902 Laomedontis
527 2866 592 2900 nece
615 2857 642 2918 et
681 2873 720 2917 μιν
732 2854 823 2918 ἐρέεινε,
835 2855 873 2905 uel
883 2855 939 2924 flacc
949 2857 1013 2916 σῆμα
1026 2853 1171 2920 titutum,
1182 2875 1207 2906 τι

112 2933 268 2983 abductione
285 2931 405 2978 Hesionae
418 2927 577 2992 pertulisset,
590 2941 642 2976 om·
681 2931 711 2994 ῥά
729 2933 751 2981 ot
768 2935 882 2997 γαμβροῖο
900 2931 962 2996 παρὰ
978 2931 1086 2996 Προίτοιο
1105 2931 1206 2995 φέροιτο.

113 3012 156 3057 nia
171 3015 257 3057 tamen
274 3021 346 3070 aquo
364 3006 447 3055 animo
465 3018 607 3068 passurum,
620 3005 642 3053 ti
682 3011 800 3058 ‘Novem
818 3010 873 3059 diss
893 3010 1038 3072 hospitatus
1056 3017 1104 3069 est,
1119 3014 1146 3056 et
1164 3023 1207 3056 no·

113 3086 230 3135 Hesiona
241 3083 265 3132 ei
278 3079 447 3132 redderetur!
682 3099 738 3134 vem
746 3083 824 3133 boves
834 3084 1000 3134 sacrificavit:
1011 3082 1060 3130 Sed
1070 3096 1127 3130 curn
1136 3083 1205 3130 deci-

135 3147 158 3192 ‘a
175 3159 224 3208 Die
234 3164 326 3221 quarto,
335 3157 388 3219 tra]
410 3156 529 3207 Observa
539 3170 643 3217 morem,
682 3173 723 3208 ma
733 3159 854 3220 apparuit
865 3159 944 3206 roseis
953 3155 1041 3218 digitis
1053 3155 1162 3219 Aurora,
1172 3159 1206 3206 Et

115 3250 166 3299 qno
179 3236 259 3297 legati
271 3234 352 3283 etalii
367 3232 462 3296 quique
474 3245 521 3295 per
533 3231 586 3280 dies
597 3232 642 3280 ali·
681 3234 748 3282 bunc
760 3233 843 3294 ipsum
855 3230 1034 3292 interrogavit,
1046 3237 1073 3278 et
1086 3231 1164 3292 petiit
1176 3231 1206 3278 li·
1277 3240 1282 3247 ·

115 3318 178 3374 quot
189 3310 215 3358 in
228 3311 303 3360 domo
314 3310 444 3372 hospitum
457 3306 590 3367 sedebant,
599 3321 643 3354 an·
682 3316 750 3358 teras
762 3308 859 3370 ridere,
868 3307 1050 3370 Quascumque
1065 3305 1115 3368 ipsi
1133 3320 1147 3352 a
1164 3321 1207 3368 ge-

102 3395 219 3450 tequam
240 3383 273 3434 de
299 3384 412 3433 adventu
439 3397 485 3432 sno
507 3383 642 3445 quiequam
680 3381 956 3434 notueroetoferrete

99 3468 300 3523 ‘proponerenn
321 3459 422 3509 scilicet
444 3467 473 3506 ut
493 3459 525 3507 ab
543 3459 644 3507 itineris
713 3458 831 3508 ”Graes
848 3457 976 3521 postulare]
998 3455 1049 3505 Sed
1070 3454 1096 3503 id
1116 3469 1149 3503 ex
1168 3467 1207 3502 se·

115 3535 203 3583 labore
215 3539 396 3592 recrearentur
407 3549 413 3582 :
425 3533 485 3581 binc
497 3533 643 3596 intelligen·¹
681 3535 820 3600 questibus
830 3533 921 3602 falsum
933 3539 982 3581 est.
1015 3529 1058 3579 An
1069 3527 1207 3578 dicendum

116 3612 165 3659 dus
175 3608 281 3669 Esdram,
291 3623 352 3656 vrrr.
364 3613 404 3658 tta.
438 3609 482 3657 Kal
492 3609 594 3670 ἤλθομεν
610 3609 643 3659 εἰς
680 3620 729 3668 est,
740 3613 779 3660 ita
789 3617 883 3674 sponte
894 3606 1107 3658 suaArrtenorem
1117 3589 1209 3651 mentia

116 3681 270 3747 Ἰερουσαλὴμ
285 3681 323 3728 καὶ
341 3681 479 3740 tumtunm
495 3686 545 3732 ἐκεῖ
557 3685 642 3747 ἡμέρας
679 3695 733 3738 turn
746 3703 810 3744 esse,
820 3693 849 3734 ut
859 3685 907 3734 sibi
917 3683 1017 3732 facilins
1028 3679 1144 3728 Hesiona
1156 3684 1207 3728 tra-

115 3765 185 3827 τριῖς.
219 3757 641 3824 Κοέέγενήθητῇ·ἡμέρᾳηῖτενέρ-
681 3763 805 3811 deretur?
820 3756 1053 3819 aucorrigsndum,
1066 3755 1206 3818 ‘Trojanoi

117 3857 147 3904 τῃ
160 3835 292 3896 imitancur
297 3833 326 3882 ri
337 3833 445 3898 ἀργύριον
452 3833 491 3881 nal
498 3833 527 3882 rb
537 3835 643 3899 χρυσίον,
682 3833 830 3901 postulare,’
839 3837 886 3882 &a

118 3919 168 3964 &e
203 3913 256 3962 ‘Et
277 3911 393 3961 venimus
412 3912 439 3958 in
459 3909 603 3960 Jerusalem
614 3919 643 3960 et
714 3911 780 3958 clic
790 3909 851 3972 quod
860 3908 901 3955 lue
909 3905 1062 3968 pertinerent
1072 3905 1208 3970 arridebat]

117 3982 405 4039 ibisedimnsdiestre‘s.
418 3986 642 4050 Dieautemquar-
683 3986 778 4034 Peleus
799 3983 866 4032 enim
889 3979 972 4030 irater
991 3987 1048 4030 erat
1064 3982 1207 4033 'l'clamcnis

118 4075 145 4116 to
157 4079 245 4115 aurum
257 4069 284 4112 et
295 4067 429 4126 argentum
446 4061 644 4122 collocavimus:
685 4060 727 4124 qni
740 4060 878 4110 Hesionam
891 4055 1006 4108 tenebat.

119 4145 168 4193 &c
184 4137 358 4190 stationali.
374 4143 399 4186 Ζ.
416 4137 449 4186 de
459 4135 643 4200 Bellerophon·
682 4130 685 4134 ’
