3036 4918
515 315 562 363 nn
589 319 658 364 ruri
685 314 852 366 nxolnro.
1189 305 1230 368 ll

143 457 308 538 appositae
323 464 397 520 sunt
417 457 471 520 27.
491 458 631 541 τιριττιιὶ,
641 459 705 523 hoc
720 467 781 536 est,
803 479 824 523 a
838 460 903 524 fine
919 459 1027 542 primi,
1041 461 1084 525 ad
1099 463 1227 526 initium

48 567 49 570 ’
144 557 293 633 secundi,
316 564 393 620 sunt
418 558 471 620 27.
490 555 630 640 τιριττιιί.
674 558 821 622 Proinde
847 578 932 623 anno
954 561 1005 622 12.
1031 560 1159 644 περιτταὶ
1172 563 1228 625 21.

143 658 310 721 attributae
332 657 531 738 significant,
548 678 568 722 a
583 658 648 722 fine
671 661 748 723 anni
765 661 817 724 il.
840 658 883 722 ad
908 660 1034 723 initium
1047 661 1097 724 12.
1119 661 1225 726 inisse

140 758 269 840 περιττὰς
285 755 386 841 ἡμέρας
397 759 451 822 21.
465 778 549 840 quas
565 768 675 823 tamen
688 757 876 842 Dionysius
888 761 939 823 15.
955 766 1085 822 tantum
1099 769 1225 839 censet,

139 857 319 921 excludens
341 859 495 922 nimirum
509 859 541 922 8.
555 859 578 923 J
582 857 639 922 ulii
655 861 697 922 ah
711 859 791 923 illis.
836 859 963 923 Rursus
987 877 1062 922 cum
1085 859 1225 924 dicimus

136 956 353 1038 plenilunium
376 958 493 1032 fuisse,
518 959 732 1039 intelligimus
762 957 941 1023 secundum
969 976 1065 1021 usum
1094 960 1224 1042 periodi

136 1053 275 1134 Attice,
290 1066 325 1122 et
339 1068 376 1123 ut
392 1059 573 1141 Dionysius
588 1060 648 1136 ait,
661 1059 754 1144 ῶσπερ
775 1065 818 1121 νῶν
841 1064 865 1120 οἱ
877 1057 1014 1136 Ἀθηναῖοι
1033 1060 1094 1132 τοὺς
1106 1058 1225 1144 χρόνους

133 1154 252 1237 ἄγουσι,
273 1158 362 1238 quod
385 1157 642 1242 prudentissime
658 1161 700 1223 ab
716 1159 903 1224 eodictum.
947 1161 1113 1225 Periodus
1136 1163 1223 1224 enim

133 1254 253 1321 Attica
262 1257 539 1322 accommodabat
553 1259 721 1322 novilunia
732 1259 983 1323 Tetraeteridum
994 1261 1121 1324 saeculo
1131 1260 1223 1343 Iphi·

134 1355 176 1432 ti,
190 1355 281 1421 iacta
302 1363 373 1422 erat
398 1359 486 1422 lunae
510 1357 664 1444 τριῆγητις
685 1358 800 1423 harum
816 1360 869 1422 32.
913 1359 946 1424 Α
969 1361 1093 1424 saeculo
1108 1367 1222 1423 autom

134 1457 241 1538 Iphiti
273 1461 316 1522 ad
347 1459 547 1541 Dionysium
577 1459 927 1536 Halicarnassensem,
958 1467 992 1525 et
1020 1460 1220 1544 Augustum,

131 1558 229 1621 bidui
244 1559 354 1623 solidi.
399 1558 512 1637 Quare
528 1567 650 1626 erraret
664 1561 722 1645 qui
742 1562 785 1625 ad
800 1562 885 1626 lunae
900 1562 1044 1626 rationes
1063 1562 1136 1626 haec
1149 1564 1222 1626 exi·

129 1677 211 1738 gere
226 1659 339 1723 vellet.
383 1661 527 1743 Captum
544 1662 644 1742 igitur
663 1668 716 1726 est
731 1661 821 1725 llion
836 1681 923 1724 anno
937 1662 1063 1744 periodi
1074 1661 1095 1725 J
1099 1663 1219 1726 ulianee

128 1758 229 1822 3531.
241 1759 264 1823 J
265 1761 336 1823 unii
351 1762 404 1824 22.
446 1761 545 1826 Anno
560 1763 672 1826 mundi
687 1763 794 1828 2767.
807 1762 1017 1845 Didymonos
1032 1769 1150 1844 quarta
1164 1761 1220 1824 de·

99 1925 103 1932 ,
131 1857 233 1922 cima.
278 1859 458 1924 character
478 1864 635 1945 Zygonos
657 1865 689 1928 l.
713 1866 746 1930 9.
764 1863 819 1928 35.
836 1862 974 1927 Octobr.
990 1879 1024 1924 ν.
1046 1861 1145 1926 Anno
1158 1863 1219 1927 Ju-

129 1958 235 2022 daico
245 1993 248 2002 ,
259 1958 356 2024 2578.
399 1960 527 2022 Tamna
541 1963 592 2026 14.
613 1963 707 2045 cujus
727 1963 898 2026 character
911 1963 943 2026 3.
960 1963 1010 2027 14.
1025 1962 1101 2026 910.
1117 1968 1218 2046 atquo

128 2060 187 2122 hic
200 2066 251 2122 est
269 2078 366 2123 verus
383 2078 489 2122 annus
510 2071 545 2124 et
564 2062 639 2126 (lies
662 2064 754 2144 capti
775 2063 839 2126 ilii.
884 2063 985 2141 Nam,
1002 2069 1037 2127 ut
1059 2063 1217 2141 diximus,

127 2161 185 2222 25.
198 2159 436 2240 ThargelioniS,
452 2161 487 2223 in
507 2179 594 2224 anno
607 2161 703 2225 tertio
714 2162 948 2226 Tetroeteridos
961 2163 1064 2226 habet
1078 2163 1218 2244 plenilu-

128 2261 234 2322 nium.
278 2261 317 2324 lu
340 2259 404 2324 hoc
436 2279 522 2324 anno
559 2262 687 2326 Tamus
713 2270 748 2327 et
776 2262 945 2346 Didymon
971 2263 1216 2328 concurrebant.

127 2359 273 2441 Epocha
294 2361 403 2441 igitur,
420 2381 497 2444 qnae
514 2381 621 2427 annos
642 2365 718 2429 407.
740 2364 913 2428 absolutos
935 2365 1029 2446 ponit
1056 2369 1131 2428 ante
1150 2365 1217 2447 pri·

127 2479 218 2524 mam
235 2460 481 2544 Olympiadem,
496 2471 546 2528 est
570 2483 616 2526 ex
639 2465 804 2529 sententia
825 2463 1062 2528 Eratosthenis.
1105 2464 1216 2529 Voce·

128 2565 184 2624 tur
206 2562 457 2626 Eratosthenes.
503 2563 554 2626 Ea
582 2567 728 2628 omnium
751 2569 802 2626 est
825 2565 1020 2628 certissima.
1064 2565 1104 2627 In
1131 2564 1216 2629 libro

127 2661 239 2741 primo
264 2680 341 2724 cum
370 2681 544 2742 ageremus
569 2664 610 2724 de
631 2664 781 2726 Periodo
796 2662 922 2738 Attica,
937 2682 999 2724 nos
1014 2664 1215 2726 contulimus

127 2779 244 2824 casum
260 2760 318 2822 llii
332 2759 367 2820 in
381 2759 456 2821 408.
476 2778 594 2822 annum
612 2768 689 2820 ante
703 2759 843 2839 primam
861 2757 1106 2840 Olympiadem.
1150 2759 1215 2823 Sed

125 2862 203 2924 haec
218 2859 333 2941 opinio
358 2858 400 2921 de
415 2860 490 2921 407.
507 2858 603 2920 annis
626 2856 723 2938 longe
745 2855 880 2920 certior.
924 2855 979 2918 Ex
993 2856 1045 2920 his
1066 2857 1215 2924 eruditus

128 2961 249 3024 Lector
274 2964 386 3042 petest
407 2960 715 3040 adverterequanta
736 2956 864 3021 utilitas
886 2956 929 3019 sit
952 2958 986 3020 in
1009 2959 1087 3022 anni
1110 2951 1226 3025 Attici

126 3057 289 3138 doctrina,
304 3067 453 3144 et-quam
467 3061 563 3141 louge
576 3059 734 3123 fallantur
748 3059 806 3139 qui
819 3075 950 3119 menses
963 3055 1213 3124 Atheniensium

126 3161 307 3242 populares
323 3160 365 3223 ad
379 3162 468 3224 lunae
483 3161 629 3223 rationes
644 3164 813 3234 revocant,
835 3156 1105 3219 etNeomeniam
1130 3156 1211 3220 Hae-

127 3260 363 3324 catomheouis
388 3261 423 3322 in
444 3258 468 3323 J
471 3259 547 3323 unio
568 3265 607 3320 ut
629 3257 808 3339 plurimum
834 3260 994 3320 statuunt.
1038 3254 1091 3318 De
1111 3256 1212 3320 variis

126 3361 216 3424 circa
236 3360 325 3424 hunc
346 3378 460 3424 casum
478 3363 625 3422 veterum
645 3357 818 3420 sententiis
839 3355 1004 3419 adducam
1018 3355 1120 3418 verba
1136 3353 1211 3419 Cle-

125 3462 246 3524 mentis
262 3458 490 3524 Alexandrini·
534 3461 621 3522 Κατὰ
634 3458 662 3519 δὲ
684 3458 715 3520 τὸ
735 3455 972 3520 ὀκτωκαιδέκατον
987 3453 1044 3527 ἔτος
1055 3458 1104 3529 τῆς
1114 3457 1210 3540 .’Δγοι·
1335 3511 1338 3518 .

126 3559 255 3640 pipicus
270 3558 421 3638 βασιλείοις
437 3556 526 3622 Ἴλιον
540 3558 626 3636 ἑάλω,
642 3565 829 3640 Δημοφῶντος
843 3562 892 3619 τοῦ
910 3553 1021 3630 Θησέως
1045 3553 1210 3633 βασιλεύον-

126 3685 174 3734 τος
186 3661 309 3746 Ἀθήνησι
324 3667 365 3747 τῷ
390 3659 492 3747 τςῶτιρ
508 3659 572 3739 ἔτει,
590 3667 788 3745 Θαργηλιῶνος
802 3658 885 3739 μηνδς
900 3653 1013 3738 δευτέρᾳ
1026 3654 1068 3714 inl
1079 3651 1159 3731 lina,
1174 3651 1210 3727 ῶς

125 3781 192 3842 φησι
208 3762 348 3836 Διονύσιος
365 3764 528 3850 ὂἈργεῑος.
570 3759 673 3846 Αἰγίας
691 3760 720 3821 δὲ
737 3758 785 3820 καὶ
802 3755 945 3843 Δηρκῦλος
961 3758 988 3816 ἐν
1001 3757 1036 3837 τῇ
1050 3750 1139 3836 τρίτη,
1154 3778 1209 3833 μη.

125 3867 165 3938 νδς
190 3861 319 3944 Πανέμου
347 3861 428 3948 ὄγδοή
445 3861 591 3939 φθίνοντος,
612 3858 782 3934 Ἐλλανίκος
804 3859 831 3920 ti
857 3855 994 3937 δωδεκάτῃ
1013 3859 1208 3936 Θαργηλιῶνος

124 3961 216 4043 pairh,
231 3967 291 4028 duc.
335 3963 412 4030 Nos
427 3961 561 4028 Atticos
584 3965 710 4028 veriora
735 3957 915 4042 protulisse
937 3961 1106 4044 putamus,
1130 3962 1209 4043 Θαρ-

125 4073 255 4150 γηλιῶνος
270 4075 306 4150 τη·
317 4064 396 4152 ὀγδόη
412 4049 557 4141 φθίνοντος.
