3028 4900
323 297 367 358 84
757 305 844 358 uuo.
867 305 980 358 suros

324 454 488 520 litterales
504 455 539 520 io
553 453 684 520 Troada
698 453 794 520 Caici
809 455 991 540 tangebant
1008 453 1121 540 ostia)
1137 475 1224 522 uxor
1240 456 1410 537 Hectoris,

323 557 379 620 cni
393 555 523 638 peperit
537 555 754 639 Astyanacta.
797 553 903 621 Hom·
918 555 961 620 ll.
976 559 998 624 t
1043 555 1194 622 Hectore
1207 577 1288 623 vero
1310 560 1413 624 intor-

322 667 412 724 omto
426 669 461 724 et
474 659 578 743 'l'roja
595 663 708 743 capta,
725 657 873 744 Pyrrhus
895 677 969 724 enm
992 661 1026 724 ln
1040 658 1207 725 Graeciam
1230 661 1359 738 avexit,
1381 667 1414 726 et

323 780 363 826 ea
393 761 580 826 Molossum
602 761 763 844 suscepit
821 757 889 837 Qui
923 765 1032 826 tamen
1061 767 1184 846 postes
1208 760 1415 826 Hermiones

322 881 470 928 amorem
499 869 651 944 captans,
677 879 749 926 eam
780 859 924 938 Heleno,
953 859 1079 926 Priami
1110 861 1199 944 regis
1225 859 1308 940 filio,
1335 881 1414 928 cnm

322 969 415 1046 parte
429 964 520 1045 regni
542 961 642 1026 dedit.
663 958 756 1044 Virg.
773 976 829 1024 ιιι.
843 959 922 1024 AEc.
933 960 1009 1026 295.
1023 961 1169 1026 Pausun.
1184 961 1220 1026 in
1234 959 1340 1028 Attio.

365 1063 518 1128 Amorem
545 1061 579 1126 in
606 1080 649 1128 ea
676 1060 885 1146 conjugalem
908 1059 1029 1126 laudat
1054 1060 1213 1140 Ovidius,
1228 1051 1260 1125 r.
1282 1061 1363 1130 Am.
1378 1064 1412 1128 9.

321 1164 648 1246 οΙοεᾸιίεοονοὼίετ
1267 1241 1271 1250 ,

364 1263 496 1330 Hector
510 1266 554 1331 ab
568 1263 820 1330 Andromaches
835 1260 1067 1348 complexibus
1086 1263 1163 1328 ibat
1172 1262 1208 1328 in
1222 1264 1336 1344 omis,

406 1365 451 1429 Et
465 1365 594 1448 galeam
608 1365 724 1449 capiti,
739 1385 817 1450 quse
833 1366 937 1443 duret,
951 1383 1037 1430 uxor
1050 1372 1132 1430 erut.

364 1461 491 1530 Verum
526 1470 559 1530 et
591 1465 665 1550 ejus
701 1465 735 1528 in
762 1465 902 1530 aduersa
930 1463 1060 1530 fortuna
1087 1463 1312 1530 constantiam
1345 1459 1413 1530 alii.

323 1561 461 1648 Quippe
476 1572 678 1630 nontantum
694 1566 803 1630 mariti
827 1565 915 1631 luxit
936 1571 1075 1630 mortem
1099 1569 1133 1630 et
1154 1565 1269 1650 Trojas
1284 1564 1414 1632 flebiles

322 1665 456 1749 aspexit
476 1667 602 1745 ruinas,
628 1668 688 1732 sed
717 1674 753 1732 et
783 1667 855 1745 filii,
881 1667 922 1732 de
945 1673 1030 1731 turre
1053 1667 1266 1752 praecipitati,
1299 1665 1414 1732 lacera

322 1769 468 1833 membru
481 1768 636 1853 colligere
652 1769 716 1836 luit
736 1776 865 1835 coacta
908 1765 1074 1832 Videatur
1095 1766 1234 1845 Seneca,
1248 1767 1284 1830 in
1297 1765 1414 1834 diuina

320 1865 463 1932 'l'roada

366 1965 619 2036 Andromaches
643 1979 754 2036 autern
779 1971 901 2038 iaciens
924 1973 1034 2036 servat
1056 1969 1281 2036 chaoniomm
1294 1965 1416 2034 Num·

323 2085 399 2131 mus
415 2067 550 2152 elegans
564 2070 653 2155 apud
668 2071 851 2153 Gollzinm,
867 2071 978 2138 Graue.
994 2087 1050 2134 rrr.
1065 2070 1151 2136 Ταῦ.
1164 2069 1197 2133 9.

520 2300 674 2364 xxrrr.
718 2295 863 2372 snex,
884 2249 1237 2366 nansnrouruss

714 2424 793 2487 Lm.
808 2439 844 2488 v.
867 2421 956 2488 Gar.
971 2426 1023 2489 15.

321 2565 333 2598 ‘
343 2559 389 2626 At
401 2559 488 2626 lucis
504 2560 667 2646 principio
682 2557 824 2644 Ajacem
837 2556 873 2622 in
892 2556 1003 2620 medio
1017 2557 1203 2621 exanimem
1219 2553 1414 2642 offendunt3
1503 2633 1504 2640 ,

363 2666 651 2749 perquirentesque
666 2661 784 2727 mortis
800 2679 917 2744 genus,
933 2659 1196 2724 animadvertere
1210 2655 1295 2722 ferro
1312 2657 1416 2726 iuter·

364 2763 514 2830 sectum?

364 2879 485 2951 Aahx,
501 2855 590 2938 filius
603 2874 802 2938 Telamonis
823 2882 858 2940 et
871 2875 1051 2954 Hesiones,
1066 2895 1141 2958 quoe
1164 2876 1251 2957 regis
1267 2874 1412 2941 Laome·

322 2977 435 3040 dontis
450 2975 530 3040 filia.
563 2974 662 3040 ovid.
675 2973 816 3040 Metam.
829 2991 870 3038 11.
880 2977 956 3040 217.
978 2975 1172 3040 Graecorum
1184 2976 1409 3041 fortissimus:

322 3078 505 3163 etquidem
530 3075 793 3155 invulnerabilis,
809 3082 1028 3160 praeterquam
1054 3077 1089 3140 iu
1110 3077 1240 3142 cervice
1259 3084 1294 3141 et
1310 3077 1345 3141 in
1359 3078 1412 3141 la·

322 3189 403 3246 tere.
445 3177 655 3264 Quippe(sic
670 3179 791 3242 saltem
807 3179 852 3244 ad
871 3178 1039 3261 Lycophr.
1053 3169 1213 3261 Tzoides)
1226 3197 1300 3242 cum
1318 3177 1410 3270 Her-

228 3333 230 3340 .
322 3281 416 3344 coles
444 3275 621 3360 aliqnando
645 3277 818 3344 Salamina
840 3279 966 3357 adiens,
994 3277 1208 3343 Telamonem
1237 3276 1409 3354 inviseret,

319 3378 367 3442 ibi
381 3378 493 3462 Ajaci,
515 3376 623 3440 adhuc
650 3386 774 3455 tenero,
791 3379 906 3462 injecit
919 3375 1029 3452 λεοντῆν
1047 3397 1152 3455 suam,
1168 3383 1340 3460 precatus
1357 3386 1407 3454 ut,

322 3497 392 3564 qua
416 3483 590 3560 tegeretur,
613 3476 861 3540 invulnerabilis
889 3476 981 3541 fieret
1010 3479 1179 3560 puerulus.
1221 3477 1320 3558 Ergo,
1341 3487 1428 3560 qua'

320 3598 386 3644 non
400 3578 581 3660 tegebatur,
595 3573 687 3658 Ajux
711 3575 822 3642 iectus
838 3577 1063 3642 vulnerabilis.
1106 3577 1240 3644 Achille
1266 3584 1406 3652 mortuo,

320 3687 357 3745 nt
379 3679 553 3761 proximus
577 3677 697 3754 haereS,
724 3677 798 3758 ejus
821 3697 913 3742 arma
935 3680 1053 3761 petiit3
1076 3697 1186 3743 verum
1210 3677 1406 3744 Graecorum

321 3799 488 3865 proceres,
507 3777 702 3860 eloquentia
730 3780 825 3856 moti,
847 3779 921 3841 haec
944 3777 1061 3861 Ulyssi
1083 3779 1255 3844 tradidere.
1299 3777 1407 3853 Unde,

321 3902 392 3964 prae
415 3881 518 3944 nimia
540 3880 591 3942 ira
613 3880 795 3957 insaniens,
815 3879 851 3943 in
875 3900 1000 3962 pecora
1023 3881 1248 3962 innitensque
1270 3875 1408 3952 occidit,

321 3978 458 4044 Atridas
484 3984 585 4062 utque
594 3957 767 4062 'Ulyssem
795 3998 871 4044 sese
893 3979 1077 4043 interimere
1092 3978 1236 4042 credens.
1278 3975 1405 4038 Verum

321 4075 365 4140 ad
380 4082 498 4143 mentis
521 4079 699 4144 sanitatem
714 4081 844 4145 rediens
866 4096 902 4144 et
924 4099 1063 4144 errorem
1078 4095 1275 4160 agnoscens,
1293 4074 1407 4156 gladio
