3036 4918
305 279 348 342 10
651 291 839 340 sosarnus
864 291 1048 340 scanicae

169 453 172 460 ·
305 433 439 498 lunam.'
483 429 971 498 DoctlssimnsPolitiauushic
987 429 1300 514 hariolaturproeter
1314 432 1392 496 soli·

305 545 386 614 tum,
414 535 456 598 de
484 534 617 598 silentio
639 535 735 599 lunoe.
778 530 920 596 Constat
940 531 1039 611 igitur
1059 531 1212 595 omnibus
1242 530 1282 596 de
1309 539 1391 596 tem-

304 654 385 718 pora
400 636 487 712 anni,
505 653 567 699 non
582 633 623 699 de
637 653 733 699 auno.
777 632 868 697 Nam
882 631 947 696 dne
962 632 1050 696 veris
1073 631 1163 696 Ilion
1179 638 1315 714 captum
1331 650 1391 695 vo·

303 736 385 814 lunt,
399 737 500 820 paulo
515 739 588 800 ante
604 733 799 798 solstitium.
838 731 939 810 Quod
954 737 990 795 et
997 731 1160 814 Virgilius
1174 738 1311 797 secutus
1320 740 1390 796 est:

599 831 672 897 Vix
683 834 791 915 prima
804 831 975 914 inceperat
989 838 1106 909 aestas,

432 936 476 1001 Et
491 942 586 1018 pater
599 933 725 996 AEneas
736 932 814 996 dare
828 933 938 996 ventis
954 932 1029 997 vela
1034 933 1183 1016 jubebat.

304 1039 356 1102 lle
376 1055 463 1100 anuo
485 1050 651 1099 veronen
676 1031 839 1096 convenit
884 1031 989 1114 Atqui
1013 1031 1201 1097 doctissimi
1222 1035 1304 1098 inter
1316 1053 1388 1111 ees,

302 1139 360 1222 qui
373 1138 448 1202 hsec
457 1131 947 1218 disquisivernut,intervallum
962 1151 983 1196 a
997 1140 1097 1216 capto
1112 1133 1177 1198 Ilio
1191 1135 1233 1200 ad
1248 1135 1388 1217 primam

302 1234 536 1321 Olympiadem
568 1232 732 1298 deliniunt
759 1251 918 1298 annornm
945 1235 1021 1298 407.
1043 1235 1196 1317 proecisa,
1222 1235 1389 1320 Ephorus,

303 1337 535 1413 Callisthenes,
551 1334 743 1410 Damastes,
761 1333 973 1420 Phylarchus,
985 1333 1138 1400 Cancnes
1147 1335 1388 1420 Eratostheni,

301 1437 424 1517 quihus
439 1437 578 1499 multum
593 1435 706 1500 tribuit
721 1435 906 1518 Dionysius
923 1435 1245 1501 Halicamassensis.
1275 1435 1388 1514 Quare

301 1535 471 1600 Diodorus
482 1536 631 1600 omnium
645 1537 915 1602 accuratissimus
927 1537 977 1602 ait
987 1555 1106 1601 annum
1120 1539 1261 1620 primum
1272 1537 1387 1622 Olym-

299 1636 410 1719 piadis
423 1637 476 1700 94.
489 1635 704 1712 desinentem,
718 1636 780 1700 hoc
797 1645 859 1715 est,
874 1655 995 1701 anuum
1009 1635 1085 1701 373.
1108 1656 1131 1701 a
1149 1639 1258 1720 primo
1273 1636 1386 1722 Olym·

298 1737 378 1818 pico
398 1737 537 1814 ludicrO,
565 1755 639 1800 esse
660 1736 841 1819 ὀγδοηκοστὸν
863 1736 928 1822 πρὸς
948 1737 1006 1808 τοῖς
1035 1735 1212 1810 masurius
1240 1743 1315 1818 μετὰ
1338 1742 1387 1817 τὴν

302 1837 400 1922 Τροίας
414 1837 530 1901 ἅλωσιν.
579 1837 739 1904 Deductis
763 1837 863 1919 igitur
877 1837 952 1903 373.
976 1837 1019 1901 de
1031 1837 1107 1903 730.
1123 1845 1291 1904 remanent
1306 1841 1385 1904 anni

299 1940 377 2003 407.
434 1939 648 2004 Intervallum
665 1960 685 2004 a
701 1939 876 2022 captollic
893 1939 935 2004 ad
947 1939 1000 2004 95.
1022 1937 1259 2023 Olympiadem
1274 1941 1386 2002 ineun-

299 2047 375 2103 tem.
419 2035 568 2119 C'ontigit
586 2039 683 2119 igitur
705 2059 804 2104 casus
820 2059 906 2104 anuo
918 2040 1014 2104 tertio
1033 2041 1139 2104 tertia
1153 2037 1385 2101 Tetrueteridcs

297 2137 434 2216 Atticae,
447 2138 510 2202 hoc
521 2145 584 2215 est,
600 2156 689 2204 anno
702 2139 894 2223 ll.pericdi
909 2137 1046 2213 Atticae,
1062 2137 1258 2218 plenilunio·
1294 2135 1383 2199 Neo·

298 2241 403 2304 menia
424 2238 663 2319 Thargelionos
683 2239 740 2302 31.
763 2239 847 2300 Mai.
891 2236 1063 2298 Vicesima
1077 2235 1177 2298 tertia
1191 2234 1385 2316 Thargelio·

297 2358 362 2401 nos
374 2340 407 2401 in
419 2339 473 2401 22.
488 2337 511 2401 J
515 2337 596 2398 unii.
652 2336 857 2417 Supererant
873 2334 916 2396 ad
935 2342 1038 2416 caput
1053 2336 1131 2398 anni
1147 2337 1317 2418 sequentis
1331 2337 1384 2402 37.

272 2499 275 2508 ,
296 2437 391 2501 dies:
413 2457 551 2519 quorum
568 2436 621 2500 10.
636 2436 679 2499 ad
694 2438 798 2523 τροπὰς
813 2436 926 2523 θερινὰς,
941 2437 974 2498 id
991 2445 1044 2499 est
1054 2436 1085 2500 8.
1099 2435 1122 2499 J
1125 2435 1186 2498 ulii
1198 2435 1383 2502 exclusive.

296 2535 341 2600 Et
353 2537 491 2620 proinde
502 2537 554 2601 91.
569 2543 660 2602 erant
672 2536 798 2621 περιτταὶ
815 2533 925 2621 ἡμέραι,
942 2537 985 2600 ad
1001 2542 1101 2618 caput
1115 2536 1191 2600 anni
1203 2539 1384 2618 sequentis,

295 2646 332 2702 ut
352 2638 456 2702 hahes
477 2639 562 2703 libro
582 2641 704 2721 primu,
719 2639 754 2700 in
768 2636 901 2700 Tabula
918 2636 1174 2702 Neomeniarum
1187 2633 1383 2700 Atticarum.

295 2738 360 2802 Sed
376 2738 561 2819 Dionysius
577 2739 891 2805 Halicarnassensis
914 2738 995 2802 dicit
1009 2739 1111 2802 inisse
1126 2737 1244 2819 viginti
1258 2745 1383 2802 tantum

294 2833 440 2920 περιττοῖς,
460 2837 508 2898 17.
524 2842 632 2898 autem
645 2835 689 2896 ad
703 2834 819 2916 τροπάς.
832 2875 834 2882 -
854 2836 1016 2916 iutelligit
1030 2855 1105 2916 ergo
1120 2837 1295 2901 inclusive.
1328 2837 1385 2899 ln·

294 2935 398 3000 cludit
414 2934 499 2997 enim
515 2935 547 2997 8.
568 2933 651 2997 Julii
673 2935 708 2998 iu
730 2934 824 2996 illum
846 2951 1027 2996 numerum.
1071 2931 1173 3009 Quod
1194 2941 1228 2997 et
1251 2935 1382 3000 Plutar-

294 3034 389 3097 chum
412 3035 520 3098 facere
546 3033 850 3108 animadvertimus,
866 3032 924 3112 qni
945 3052 1006 3115 pro
1026 3031 1178 3115 τριάκοντα
1200 3033 1282 3098 dicit
1303 3059 1382 3120 τρια-

294 3131 405 3212 aorrir,
421 3141 453 3199 et
467 3143 582 3200 contra
598 3130 750 3196 inaruerdv
766 3153 826 3216 pro
843 3128 950 3194 ἕκατον.
996 3132 1116 3213 Neque
1125 3132 1183 3196 ille
1193 3135 1312 3213 solum,
1324 3139 1382 3201 sed

294 3242 329 3298 ct
344 3237 402 3298 alii
413 3235 539 3299 Graeci.
583 3235 706 3300 Incidit
720 3236 820 3316 igitur
834 3233 893 3297 ille
908 3252 1015 3296 annus
1030 3234 1063 3296 in
1077 3233 1173 3300 3531.
1184 3235 1311 3317 periodi
1320 3237 1343 3301 J
1345 3258 1382 3302 u-

292 3337 403 3399 lianus.
446 3332 564 3398 Annus
580 3343 691 3398 autem
706 3336 832 3416 primus
848 3335 952 3417 Iphiti
967 3333 1085 3397 incidit
1098 3336 1133 3398 in
1149 3355 1268 3400 annum
1283 3337 1380 3402 3938.

291 3433 418 3517 periodi
434 3433 593 3498 Julianus.
624 3433 833 3510 Differentia,
849 3434 928 3498 anui
950 3435 1025 3498 407.
1041 3434 1215 3515 quoderat
1229 3440 1381 3520 proposi·

292 3542 373 3598 tum.
419 3533 564 3598 Notahis
586 3539 693 3598 autem
715 3535 749 3597 in
770 3535 886 3600 tabula
908 3534 1165 3599 Neomeniarum
1173 3534 1379 3614 Atticarum,

291 3635 377 3699 libro
404 3635 521 3716 primo,
548 3632 680 3720 περιττοῖς
705 3632 808 3721 ἡμέρας
830 3635 990 3718 pertinere
1004 3655 1069 3699 non
1083 3635 1126 3700 ad
1149 3656 1221 3700 eum
1240 3655 1378 3716 aunum;

291 3735 348 3798 cui
362 3733 528 3816 appositae
553 3742 642 3811 sunt,
657 3735 717 3798 sed
732 3735 775 3800 ad
789 3740 993 3818 sequentem.
1038 3736 1238 3820 Exemplum
1261 3739 1296 3801 in
1311 3739 1379 3820 pri·

290 3855 346 3898 mo
362 3853 448 3898 anno
462 3835 593 3916 periodi
614 3841 786 3900 annotatur
798 3840 913 3921 περιττὴ
927 3838 1028 3903 nulla.
1073 3837 1155 3902 Huc
1170 3838 1344 3919 siguificat,
1358 3859 1379 3902 a

290 3933 355 3998 fine
367 3934 605 4013 antecedentis,
621 3937 676 4018 qui
692 3943 762 4002 erat
776 3938 911 4004 ultimus
920 3939 1062 4021 periodi,
1078 3939 1122 4002 ad
1136 3939 1263 4001 initium
1278 3938 1377 4018 primi

293 4034 380 4110 anni,
409 4035 532 4102 nullam
562 4057 636 4104 esse
659 4042 786 4125 περιττὴν
809 4037 924 4130 ἡμέραν.
967 4041 1098 4107 Rursus
1121 4036 1269 4104 secundo
1290 4056 1376 4112 anno
