3044 4896
310 307 375 380 23⁰
657 315 819 368 urouros
842 285 1048 366 usurassrs

311 465 504 549 Eurypylus
515 461 651 529 obvium
662 461 747 526 lorta
757 465 876 526 nactus
891 453 1094 534 Panelaum,¹¹
1108 453 1282 538 proturbat
1296 453 1405 532 basta,

311 576 416 649 atque
443 563 625 628 interficit.⁸
679 558 764 626 luda
789 560 895 624 multo
921 555 1044 622 sevior
1070 550 1192 620 Nirea¹
1214 573 1406 636 aggressus,

310 687 391 732 mox
407 666 593 730 obtruncat.
635 662 778 745 Jamque
797 659 980 726 deturbatis
1002 657 1060 740 qui
1083 655 1117 719 in
1142 653 1214 720 acie
1238 659 1406 753 steteram,

311 765 443 832 medios
459 761 721 846 aggrediebatur:
736 778 811 825 eum
829 759 1074 842 Neoptolemus
1089 775 1124 822 re
1140 756 1288 838 cognita,
1302 756 1409 820 curui·

311 885 375 930 nus
390 863 538 938 advolat,
559 861 788 944 dejectumque
803 879 897 924 uurru
911 858 1074 933 bostem,'¹¹
1097 860 1132 920 ot
1145 857 1221 938 ipse
1235 855 1411 932 desiliens,

311 967 470 1050 impigrs³
490 963 600 1046 gladio
615 961 781 1026 interficit.
824 960 911 1024 Tum
925 959 1074 1024 ablatum
1090 976 1232 1041 propere
1246 955 1407 1032 cadauer,

312 1069 412 1150 atqua
429 1063 472 1128 ad
485 1081 587 1126 naues
603 1061 729 1145 jussu4
748 1062 821 1145 ejus
844 1060 1018 1144 perlatum.
1062 1056 1165 1136 Quod
1185 1059 1242 1122 ubi
1256 1057 1408 1121 animad-

312 1171 440 1229 vertere
455 1163 599 1240 barbari,
609 1163 732 1245 quibus
747 1180 828 1246 spes
842 1161 949 1224 omnis
963 1159 998 1224 in
1016 1159 1187 1244 Eurypylo
1203 1158 1320 1236 luerat,
1333 1159 1409 1221 sine

313 1271 404 1328 eorm
426 1263 542 1328 ordine
567 1267 625 1328 aut
650 1268 787 1338 recturo,
815 1261 893 1341 luga
921 1261 1073 1344 proelium
1104 1260 1272 1335 deserunt,
1304 1266 1409 1340 atque

314 1363 357 1428 ad
379 1383 494 1430 muros
517 1363 680 1428 revolant:
711 1369 780 1426 tum
795 1360 930 1445 plurimi
945 1379 1057 1424 eorum
1081 1361 1113 1424 iu
1128 1360 1209 1442 suga
1231 1359 1407 1424 interfecti.

312 1461 395 1546 [la]
408 1461 512 1544 Igitur
520 1469 697 1543 postquam
705 1460 792 1524 susis
802 1461 953 1525 hostibus
965 1459 1006 1523 ad
1019 1477 1121 1523 nevas
1136 1467 1302 1525 revertere
1312 1458 1409 1524 Gros-

314 1561 359 1637 ei,
372 1579 417 1624 ex
432 1559 565 1625 consilii
580 1559 756 1636 sententia,
768 1559 928 1644 Eurypyli
943 1567 1090 1624 cremata
1101 1579 1193 1636 ossa,
1209 1567 1312 1643 atque
1325 1579 1408 1624 uma

314 1659 460 1736 condita,
481 1659 568 1742 patri
583 1660 765 1735 remittunt,
781 1659 913 1724 seilicet
926 1679 1089 1726 memores
1102 1659 1340 1724 beusdmomm
1354 1668 1408 1724 at-

314 1778 378 1842 que
392 1759 561 1825 amioitim.
594 1759 741 1824 Cremuti
755 1761 856 1824 etiam
873 1780 933 1844 per
948 1781 1028 1826 suos
1043 1761 1168 1826 Nireus
1182 1768 1286 1843 atqua
1302 1760 1410 1825 Pane

313 1861 401 1936 leus,
421 1877 572 1924 seorsum
594 1860 726 1943 singuli.
769 1859 818 1926 At
841 1867 977 1944 postero
998 1861 1055 1926 die
1075 1881 1137 1946 per
1155 1860 1307 1944 Gbryseu
1328 1881 1409 1944 eog-

314 1961 475 2035 uosoitur,
499 1959 668 2026 Helenum
696 1961 848 2038 Priami,¹²
869 1961 1052 2046 lugientem
1076 1963 1189 2027 scelus
1210 1961 1412 2041 Alexandri,

315 2059 408 2142 apud
423 2078 460 2122 se
475 2059 650 2142 intemplo
664 2079 778 2143 agere:
798 2082 943 2145 moxque
958 2064 1002 2128 ob
1017 2063 1052 2127 id
1067 2063 1180 2127 missis
1194 2061 1362 2128 Diomede
1375 2067 1410 2126 et

315 2157 453 2241 Ulysse,
476 2158 613 2224 tradidit
636 2179 722 2237 sese,
749 2161 951 2245 deprecatus
977 2164 1085 2246 prius,
1107 2165 1158 2228 nti
1183 2164 1249 2228 sibi
1275 2171 1408 2246 partem

764 2355 949 2381 dmm„

315 2485 331 2531 s
349 2480 444 2546 serpe.
456 2469 636 2543 sensura-'s
653 2483 851 2539 ommium
861 2487 963 2552 nm
974 2489 1000 2539 ru
1011 2489 1155 2554 uersu-¹⁴
1172 2490 1267 2553 neren.
1279 2490 1409 2552 jem.-

810 2667 917 2718 NOTAE

302 2841 308 2852 ,
347 2787 512 2852 '‘Praeterier]
529 2789 779 2855 Hippolemllilium.
802 2793 843 2842 lle
882 2801 960 2857 capto
971 2799 999 2844 et
1009 2750 1130 2854 retentu‚’
1140 2793 1190 2841 &a
1210 2792 1307 2842 Verum
1319 2793 1411 2845 Conou'

316 2877 349 2912 ao
362 2863 388 2911 in
401 2865 536 2927 catalogo.
563 2865 613 2915 Sed
625 2867 754 2916 Homerus
764 2867 843 2919 iuter·
882 2869 1063 2932 alitarpaulu;
1080 2869 1119 2916 lta
1135 2867 1227 2917 scribit
1243 2869 1409 2920 enimuarrs·
1515 2863 1516 2885 ³

317 2937 414 2990 lectum
426 2952 476 2987 nun
489 2938 578 2988 refert.
595 2995 598 3004 ,
883 2944 954 2992 tione
965 2947 1005 2991 8⁴.
1016 2941 1128 2990 ‘Paride
1141 2951 1243 2992 mortuo
1253 2944 1368 2994 Helenus
1379 2954 1408 2995 et

348 3012 355 3047 ¹
372 3014 460 3077 Nirea]
478 3012 556 3063 lione
572 3013 606 3062 ab
623 3014 703 3064 llinea
720 3013 841 3067 interiec-
882 3015 1031 3077 Deiphobus
1042 3015 1139 3064 Priami
1150 3017 1195 3066 tilii
1208 3032 1286 3079 snper
1298 3019 1407 3070 llsleuae
1514 3043 1515 3046 ¹

318 3096 371 3139 taur
383 3087 507 3138 describit
518 3089 608 3138 Daras.
882 3089 978 3152 nuptiis
1001 3089 1200 3148 contenderunt,
1224 3091 1338 3157 vicitque
1362 3109 1409 3158 per
1514 3077 1515 3106 ¹

349 3171 367 3199 Ι
384 3164 554 3226 Deisatsmqse
563 3178 636 3214 eam
645 3163 747 3228 haten]
764 3167 845 3231 Eury·
881 3167 932 3216 vim
943 3157 972 3216 et
990 3167 1134 3230 potentium
1153 3183 1227 3232 opem
1249 3170 1409 3237 Deiphobus,

316 3240 437 3304 pylieum
448 3239 844 3302 PyrrbooertsmenluseQuiu·
882 3250 962 3293 atate
974 3243 1035 3294 licet
1047 3243 1137 3293 minor.
1161 3244 1277 3294 Helenus
1288 3261 1361 3312 ergo,
1371 3251 1408 3298 ln·
1513 3235 1514 3282 ἕ

317 3324 360 3367 tua
372 3315 493 3376 Calaber,
505 3326 543 3362 vr.
879 3320 955 3381 juria
975 3318 1120 3380 impatiens,
1143 3318 1169 3367 lu
1189 3317 1264 3367 ldam
1283 3322 1408 3371 secedens
1513 3330 1514 3342 ¹

349 3399 362 3424 ¹¹
378 3389 498 3438 Helenam
507 3387 615 3451 Priami]
637 3390 744 3440 Taelses
755 3392 780 3438 iu
792 3391 844 3456 Ly·
880 3395 961 3443 otium
972 3393 1036 3456 egit,
1047 3393 1101 3452 nbi,
1111 3393 1255 3443 Calclrautis
1267 3409 1353 3454 suasu,
1364 3400 1409 3461 qrri

317 3465 408 3528 ooplrr.
423 3460 521 3512 ‘buhun
539 3462 565 3512 dl
580 3464 624 3513 τοῦ
641 3464 746 3528 Πριάμου
761 3466 844 3518 auiis
865 3467 986 3531 ,Trojam
997 3467 1150 3517 obsidebant
1163 3467 1250 3518 Greci
1262 3483 1295 3517 aa
1308 3471 1408 3522 insidiis

316 3539 843 3605 pdrrresiwonrrsllpiravabropaairas-
881 3543 1066 3605 eumoapiunt.
1089 3544 1242 3606 lllepartirn
1254 3546 1409 3612 minia,par·
1512 3545 1513 3572 ¹

317 3636 359 3670 ros
368 3615 536 3674 roia‘mmt.
550 3614 612 3665 καθά
625 3625 697 3679 φησιν
706 3618 842 3682 ’mann
882 3617 928 3668 tim
938 3617 1002 3667 dolia
1012 3620 1053 3690 vel
1062 3617 1216 3682 potiusodio
1225 3619 1325 3686 Trojan,
1334 3624 1409 3674 Gru-

317 3693 358 3746 eal
372 3692 573 3758 mmmmm,
588 3693 618 3744 ds
634 3702 693 3756 φησι
709 3697 841 3758 Σοφοκλῆς,
882 3694 918 3743 ais
935 3693 1060 3743 iudicavit
1076 3692 1162 3757 ligneo
1174 3707 1240 3756 equo
1250 3695 1353 3758 'l'roJaru
1366 3713 1409 3748 oa·
1511 3725 1512 3730 =

318 3767 496 3832 lrsipevilsraa,
504 3767 544 3818 sal
553 3768 742 3831 κατασχεθέντος
753 3773 790 3820 ir*
801 3773 841 3822 '0·
882 3770 1001 3834 piendam
1013 3767 1068 3818 lato
1080 3783 1138 3819 esse
1149 3770 1318 3832 designatum.
1353 3774 1409 3822 Im-

318 3844 425 3894 δυσαέος.
449 3849 457 3874 a
470 3845 571 3894 Heleno
583 3853 667 3896 antem
680 3847 778 3897 Priami
788 3847 842 3898 lilio
882 3859 923 3894 uro
934 3854 962 3894 et
972 3845 1034 3893 illud
1045 3844 1166 3908 denique,
1184 3857 1239 3892 cum
1250 3841 1344 3892 Achivi
1363 3862 1408 3896 ee·

319 3928 379 3969 vate
399 3920 527 3969 existente
547 3921 601 3970 solo
628 3915 668 3970 iel
695 3930 787 3986 sponte
809 3923 842 3972 ad
882 3921 980 3983 piarent
990 3920 1055 3969 coslo
1063 3911 1193 3981 delapsum
1204 3917 1265 3965 illud
1277 3917 1408 3973 Minem

319 3993 429 4042 (irascos
447 3993 621 4057 eoulngteuta,
640 4001 669 4044 nt
686 3995 776 4048 dlcunt
791 3996 842 4047 Or·
882 3997 1035 4057 Palladium,
1043 3995 1112 4059 quod
1125 3995 1191 4043 inter
1199 3993 1280 4041 malta
1291 4002 1351 4044 erat
1361 3999 1409 4047 rr'ri.

320 4066 400 4128 pireus
419 4079 447 4114 er
467 4066 671 4132 Trypbiodorus,
687 4071 737 4134 ael,
756 4079 785 4122 ut
805 4073 842 4122 ait
881 4071 995 4132 nimum!
1027 4071 1183 4121 Grmcanon
1191 4068 1317 4134 descripsi
1328 4086 1408 4137 prop-

319 4139 467 4204 Sophocles,
494 4139 527 4187 ab
554 4141 647 4202 illyres
669 4157 717 4204 per
737 4145 842 4196 insidias
882 4156 924 4197 ter
934 4146 1035 4196 nimiam
1047 4144 1231 4207 prolixitatem.
