3036 4918
366 329 414 382 DE
437 329 618 395 utsuoltth
643 329 754 378 Bsshhl
779 329 953 383 TROJANI.
1076 365 1080 372 -
1153 321 1197 388 63

97 485 218 549 mandi
234 483 388 550 venium!
430 481 571 551 Nolut‘
583 485 672 550 sorte
683 483 864 568 legendum
887 505 947 563 cos,
945 483 1057 552 'licet
1078 485 1194 567 addat,

102 591 166 651 ‘et
183 585 267 652 alios
280 585 380 670 priori
395 587 494 652 ruodo
509 586 669 671 loquendi
686 605 776 652 usos.
779 585 851 652 N
854 589 911 652 rhrl
922 605 1000 669 orgo
1011 596 1081 654 crut
1094 591 1240 658 isthio

99 687 307 772 tonandum,
335 703 412 752 cum
438 687 568 753 locutio
597 689 647 753 sit
664 688 772 772 proha
793 695 829 754 et
849 689 983 754 usitato
1027 686 1115 754 Vide
1139 689 1194 757 hic

99 765 511 867 Mercerum,otn1oxirne
526 788 657 854 Sanotii
669 788 856 854 Minervam
871 805 928 853 ru.
940 789 973 856 8.
1193 817 1196 824 ·

141 889 234 954 lhid.
256 886 456 954 ‘AtGrceci
469 888 600 954 lautum
615 889 701 954 hene
717 890 865 956 cadaver
879 889 1063 969 Antilochi,
1072 889 1196 975 justis-

96 1011 167 1074 que
190 992 303 1070 factis,
341 991 479 1058 Nestori
507 990 659 1056 tradunt!
712 990 815 1056 Vind.
842 991 937 1057 ‘dele
967 991 1046 1078 quc?
1091 993 1195 1060 Male.

96 1095 227 1159 Sensus
240 1101 303 1174 est,
317 1093 453 1160 tradunt
466 1093 615 1158 cadaver
637 1091 787 1173 Nestori,
800 1100 980 1177 postquam
1004 1093 1087 1160 illud
1110 1096 1195 1160 hene
1266 1099 1269 1107 ‘

94 1194 260 1276 laverant,
282 1203 315 1261 et
323 1195 421 1280 juste
434 1195 631 1280 eifecerunt
673 1195 775 1278 sepe
788 1203 900 1262 sutem
914 1195 965 1260 itu
979 1215 1034 1260 res
1049 1191 1196 1262 diversae

96 1298 361 1363 constructionis
375 1305 435 1381 per
448 1297 610 1379 copulam
619 1296 814 1380 junguntur.
838 1296 957 1380 'Supra
973 1313 1014 1360 ιι.
1026 1297 1082 1363 29.
1104 1299 1195 1382 Agu-

94 1416 307 1464 memnonem
317 1402 327 1435 ‘
337 1398 482 1464 universi
496 1398 684 1476 deseruere,
698 1398 743 1463 ob
757 1397 859 1482 idque
873 1403 907 1462 et
913 1417 1077 1465 memores
1092 1399 1194 1467 Pulu-

94 1499 216 1579 medis,
232 1498 438 1586 quem,''&c.
483 1499 570 1566 Mox
591 1519 623 1564 c·
639 1501 691 1565 ll.
713 1499 941 1578 ‘remuximu,
954 1507 987 1566 et
1002 1510 1194 1584 supervotu
1305 1518 1308 1530 ·

95 1601 271 1683 omnium,'
284 1603 445 1690 perfectu,
467 1620 499 1668 c.
516 1601 567 1667 13.
594 1599 700 1666 ‘Cum
716 1601 788 1665 viro
800 1599 932 1683 egregio
953 1618 996 1663 ne
1016 1600 1194 1666 honesturn

93 1703 235 1787 quidem
261 1711 418 1783 mortem,
447 1711 507 1770 aut
532 1705 629 1769 aliter
657 1719 758 1787 quum
787 1701 823 1765 in
850 1703 1007 1777 obscuro,
1032 1707 1194 1783 oppetere

93 1802 256 1869 licuerit?
299 1803 387 1869 Vide
400 1810 436 1871 et
455 1823 509 1869 mc
530 1805 574 1870 ud
596 1805 712 1869 Senot.
735 1799 820 1867 Min.
836 1817 862 1867 1.
877 1800 933 1865 18.
977 1799 1099 1882 Neque
1113 1817 1192 1866 vero

93 1922 202 1988 opus,
218 1909 254 1968 ut
267 1903 546 1989 insequentibus,
568 1910 690 1988 “ecquo
705 1904 818 1968 animo
831 1903 932 1967 ferret
945 1901 1086 1968 sortnnre
1101 1901 1195 1967 bellis

94 2023 164 2088 que
179 2001 346 2082 aduersu?
365 2025 408 2070 eu
421 2005 546 2071 vocula
558 2004 748 2082 inducatur,
763 2004 855 2087 quod
876 2001 976 2068 isthic
999 2002 1118 2070 itidem
1133 2021 1193 2069 vo·

95 2106 158 2170 luit
172 2101 389 2187 Vindingius.
444 2117 446 2124 '

143 2223 195 2270 ιι.
214 2207 269 2270 14.
290 2205 455 2272 ‘Genitos
476 2204 614 2271 Achille
640 2224 684 2270 ex
708 2203 909 2271 Deidamia!
952 2147 1011 2268 Sic
1036 2201 1111 2269 Iov.
1127 2201 1196 2269 nd.

94 2309 335 2390 quacumque
363 2308 496 2390 genitus
517 2317 637 2383 matre,
657 2313 750 2370 certe
770 2313 886 2370 nutum
906 2304 1018 2369 AEneu
1039 2301 1195 2368 constet!

93 2405 182 2471 Tuo.
197 2405 283 2472 Anu.
299 2424 369 2474 uu·
377 2409 433 2475 76.
464 2408 613 2475 ‘Catone
628 2407 794 2474 avunculo
810 2406 944 2489 genite?
988 2407 1098 2474 Nullo
1115 2425 1193 2492 ergo

93 2506 183 2572 ratio
196 2507 324 2590 legendi
339 2527 420 2574 cum
433 2502 616 2588 Vin'dinglo
632 2513 751 2570 contre
764 2506 897 2569 Msstos
911 2505 1079 2572 ‘Achilli-⁹

141 2624 179 2672 ι.
193 2607 227 2670 2.
249 2605 392 2688 ‘Neque
406 2603 580 2668 inserendo
594 2603 733 2679 bellum,
748 2601 929 2685 quicquum
944 2605 1038 2685 prius
1051 2612 1195 2670 temera-

95 2715 169 2775 tum
183 2707 228 2771 uh
243 2705 308 2784 his,
319 2702 443 2787 quum,'
457 2706 519 2768 dte.
551 2698 771 2767 ‘Temerurc’
792 2701 915 2765 dicitur
925 2699 967 2766 de
980 2703 1197 2786 quibuscum·

94 2826 168 2894 quo
191 2805 302 2882 rebus,
324 2815 404 2889 quus
418 2809 680 2887 corrumpuntur,
694 2807 754 2867 cut
774 2802 952 2868 violantur.
997 2804 1056 2869 Sic
1078 2809 1196 2872 ‘tome-

94 2906 192 2974 rurc’
212 2907 352 2972 ulterius
384 2923 535 2970 uxorem.
569 2903 655 2969 Tac.
682 2902 747 2966 An.
763 2919 790 2968 1.
811 2901 865 2968 53.
888 2901 1028 2970 ‘Castra
1049 2905 1195 2974 insuustu
1230 2891 1237 2906 ⁹

97 3005 348 3091 temmtuque'
368 3027 430 3092 per
445 3005 640 3072 seditionem
655 3003 794 3069 scilicet.
811 3025 814 3030 ·
838 3005 905 3068 An.
921 3020 948 3069 ι.
962 3005 1016 3072 30.
1040 3007 1193 3076 ‘Eodem

98 3109 244 3177 lascivis
258 3107 391 3191 vigilius
402 3112 438 3171 et
452 3113 564 3178 cetere
574 3103 702 3169 militie
715 3103 830 3169 munia
845 3103 1036 3168 temerare.''
1059 3105 1153 3173 Hist.
1169 3125 1194 3174 ι.

98 3212 152 3278 48.
174 3215 188 3246 ⁴
204 3205 302 3276 Vitio
316 3207 465 3292 gentium
478 3211 655 3274 temeratus
669 3211 725 3269 est
746 3204 805 3271 ille
819 3203 918 3272 mos?
961 3204 1083 3289 Pomp.
1098 3205 1195 3276 Melu

100 3327 156 3376 ιιι.
169 3314 203 3376 5.
225 3310 426 3375 ’Τοιιιοιιιιο
440 3306 557 3374 vittus'
569 3308 689 3374 dicitur
703 3305 811 3390 Virgo
826 3306 974 3373 Vestalis
988 3307 1078 3394 opud
1092 3306 1193 3376 ovio.

101 3413 193 3480 Fast.
209 3429 260 3476 ιι.
275 3413 352 3478 457.
396 3411 489 3489 Quid
503 3409 603 3492 igitur
616 3427 712 3493 opus,
726 3409 835 3492 legere
849 3403 905 3474 hic
920 3413 1101 3476 ‘tentatum
1104 3410 1194 3488 :eut

100 3523 247 3582 ‘temere
262 3521 383 3590 actum,
384 3511 566 3597 'qnodille
581 3513 723 3577 censett

147 3631 183 3681 ι.
196 3618 229 3680 4.
250 3614 395 3700 ‘Itaque
416 3633 492 3680 eum
515 3612 639 3697 quihus
661 3596 771 3688 anteo,
793 3610 838 3674 ud
860 3608 1099 3686 confirmando,
1114 3626 1192 3714 quse

98 3726 234 3800 tempus
254 3717 423 3796 mouebat,
445 3711 629 3780 secedunt?
672 3711 809 3776 Putut‘
819 3709 905 3774 sorte
926 3709 1111 3792 legendum,
1124 3709 1193 3771 com

104 3815 316 3905 quibusdum?
336 3817 397 3883 sed
418 3823 509 3881 recto
530 3813 631 3880 Anna
644 3813 817 3904 exponitv‘
828 3829 904 3875 cum
923 3809 1053 3890 iisdem,
1068 3808 1192 3892 quihus¹

103 3918 223 3984 untes?
266 3919 368 4002 Saepe
390 3917 481 3982 enirn
504 3909 680 3992 omittitur,
694 3912 725 3978 si
747 3929 791 3975 ex
812 3928 919 3974 rerunt
943 3927 1031 3974 nexu
1053 3909 1192 3993 intelligi

102 4022 208 4104 possit
230 4013 549 4094 substantivum
568 4014 660 4097 quod
674 4009 813 4076 refertur
824 4027 1017 4092 pronomen,
1035 4011 1125 4094 quod
1139 4031 1193 4077 se·

103 4120 225 4204 quitur.
268 4121 328 4186 Sic
349 4119 454 4205 puulo
477 4122 579 4202 uute3
599 4113 671 4180 ‘ht
693 4111 778 4178 lucis
790 4109 899 4191 initio,
913 4112 1037 4194 quihus
1048 4113 1192 4198 impere-
