<?xml version="1.0" encoding="UTF-8"?>
<!DOCTYPE html PUBLIC "-//W3C//DTD XHTML 1.0 Transitional//EN"
    "http://www.w3.org/TR/xhtml1/DTD/xhtml1-transitional.dtd">
<html xmlns="http://www.w3.org/1999/xhtml" xml:lang="en" lang="en">
 <head>
  <title>
</title>
<meta http-equiv="Content-Type" content="text/html;charset=utf-8" />
  <meta name='ocr-system' content='tesseract 3.04.00' />
  <meta name='ocr-capabilities' content='ocr_page ocr_carea ocr_par ocr_line ocrx_word'/>
</head>
<body>
  <div class='ocr_page' id='page_1' title='image "./dictyscretensis00smidgoog_0297.png"; bbox 0 0 3052 4900; ppageno 0'>
   <div class='ocr_carea' id='block_1_1' title="bbox 405 271 1221 340">
    <p class='ocr_par' dir='ltr' id='par_1_1' title="bbox 405 271 1221 340">
     <span class='ocr_line' id='line_1_1' title="bbox 405 271 1221 340; baseline 0.01 -8"><span class='ocrx_word' id='word_1_1' title='bbox 405 285 453 334; x_wconf 83' lang='lat' dir='ltr'>nr</span> <span class='ocrx_word' id='word_1_2' title='bbox 476 285 596 334; x_wconf 77' lang='lat' dir='ltr'>annno</span> <span class='ocrx_word' id='word_1_3' title='bbox 617 283 790 336; x_wconf 69' lang='lat' dir='ltr'>crocino</span> <span class='ocrx_word' id='word_1_4' title='bbox 815 287 888 338; x_wconf 85' lang='lat' dir='ltr'>nm.</span> <span class='ocrx_word' id='word_1_5' title='bbox 911 287 964 338; x_wconf 77' lang='lat' dir='ltr'>vn</span> <span class='ocrx_word' id='word_1_6' title='bbox 1154 271 1221 340; x_wconf 62' lang='lat' dir='ltr'><strong><em>w</em></strong></span> 
     </span>
    </p>
   </div>
   <div class='ocr_carea' id='block_1_2' title="bbox 120 427 1222 1526">
    <p class='ocr_par' dir='ltr' id='par_1_2' title="bbox 120 427 1222 1526">
     <span class='ocr_line' id='line_1_2' title="bbox 120 427 1217 513; baseline 0.002 -20"><span class='ocrx_word' id='word_1_7' title='bbox 120 427 350 493; x_wconf 84' lang='lat' dir='ltr'>vehementius</span> <span class='ocrx_word' id='word_1_8' title='bbox 365 433 505 510; x_wconf 84' lang='lat' dir='ltr'>perstat,</span> <span class='ocrx_word' id='word_1_9' title='bbox 528 433 565 492; x_wconf 93' lang='lat' dir='ltr'>et</span> <span class='ocrx_word' id='word_1_10' title='bbox 578 448 598 492; x_wconf 87' lang='lat' dir='ltr'>e</span> <span class='ocrx_word' id='word_1_11' title='bbox 611 427 743 494; x_wconf 82' lang='lat' dir='ltr'>diverso</span> <span class='ocrx_word' id='word_1_12' title='bbox 757 430 937 513; x_wconf 71' lang='lat' dir='ltr'>reponitur,</span> <span class='ocrx_word' id='word_1_13' title='bbox 960 432 1104 496; x_wconf 84' lang='lat' dir='ltr'>clamare</span> <span class='ocrx_word' id='word_1_14' title='bbox 1127 433 1217 497; x_wconf 81' lang='lat' dir='ltr'>occi·</span> 
     </span>
     <span class='ocr_line' id='line_1_3' title="bbox 122 529 1221 617; baseline 0.005 -23"><span class='ocrx_word' id='word_1_15' title='bbox 122 531 184 613; x_wconf 83' lang='lat' dir='ltr'>pit,</span> <span class='ocrx_word' id='word_1_16' title='bbox 205 529 381 612; x_wconf 81' lang='lat' dir='ltr'>indignum</span> <span class='ocrx_word' id='word_1_17' title='bbox 406 530 548 608; x_wconf 83' lang='lat' dir='ltr'>facinus,</span> <span class='ocrx_word' id='word_1_18' title='bbox 573 530 742 614; x_wconf 80' lang='lat' dir='ltr'>prohiberi</span> <span class='ocrx_word' id='word_1_19' title='bbox 757 551 794 596; x_wconf 81' lang='lat' dir='ltr'>ee</span> <span class='ocrx_word' id='word_1_20' title='bbox 818 551 840 596; x_wconf 91' lang='lat' dir='ltr'>a</span> <span class='ocrx_word' id='word_1_21' title='bbox 862 533 1006 614; x_wconf 85' lang='lat' dir='ltr'>parentis</span> <span class='ocrx_word' id='word_1_22' title='bbox 1025 535 1221 617; x_wconf 62' lang='lat' dir='ltr'>complexu„</span> 
     </span>
     <span class='ocr_line' id='line_1_4' title="bbox 123 630 1221 715; baseline 0.005 -19"><span class='ocrx_word' id='word_1_23' title='bbox 123 630 177 699; x_wconf 88' lang='lat' dir='ltr'>Ita</span> <span class='ocrx_word' id='word_1_24' title='bbox 191 630 341 695; x_wconf 91' lang='lat' dir='ltr'>credito⁹</span> <span class='ocrx_word' id='word_1_25' title='bbox 354 631 555 712; x_wconf 81' lang='lat' dir='ltr'><strong>Telegonum</strong></span> <span class='ocrx_word' id='word_1_26' title='bbox 573 633 618 696; x_wconf 87' lang='lat' dir='ltr'>ed</span> <span class='ocrx_word' id='word_1_27' title='bbox 633 633 836 698; x_wconf 84' lang='lat' dir='ltr'>inferendam</span> <span class='ocrx_word' id='word_1_28' title='bbox 853 635 921 697; x_wconf 87' lang='lat' dir='ltr'>vim</span> <span class='ocrx_word' id='word_1_29' title='bbox 942 634 1013 715; x_wconf 75' lang='lat' dir='ltr'>regi</span> <span class='ocrx_word' id='word_1_30' title='bbox 1029 635 1221 714; x_wconf 78' lang='lat' dir='ltr'>adventare,</span> 
     </span>
     <span class='ocr_line' id='line_1_5' title="bbox 123 733 1220 817; baseline 0.004 -21"><span class='ocrx_word' id='word_1_31' title='bbox 123 733 235 796; x_wconf 83' lang='lat' dir='ltr'>acrius</span> <span class='ocrx_word' id='word_1_32' title='bbox 257 733 438 797; x_wconf 79' lang='lat' dir='ltr'>resistitur:</span> <span class='ocrx_word' id='word_1_33' title='bbox 472 734 552 797; x_wconf 90' lang='lat' dir='ltr'>nulli</span> <span class='ocrx_word' id='word_1_34' title='bbox 575 735 701 816; x_wconf 89' lang='lat' dir='ltr'>quippe</span> <span class='ocrx_word' id='word_1_35' title='bbox 726 743 944 817; x_wconf 86' lang='lat' dir='ltr'>compertum,</span> <span class='ocrx_word' id='word_1_36' title='bbox 972 753 1049 798; x_wconf 85' lang='lat' dir='ltr'>esse</span> <span class='ocrx_word' id='word_1_37' title='bbox 1078 736 1220 800; x_wconf 86' lang='lat' dir='ltr'>alterum</span> 
     </span>
     <span class='ocr_line' id='line_1_6' title="bbox 122 833 1222 918; baseline 0.003 -21"><span class='ocrx_word' id='word_1_38' title='bbox 122 835 226 897; x_wconf 89' lang='lat' dir='ltr'>etiam</span> <span class='ocrx_word' id='word_1_39' title='bbox 252 833 370 918; x_wconf 86' lang='lat' dir='ltr'>Ulyssi</span> <span class='ocrx_word' id='word_1_40' title='bbox 394 835 518 900; x_wconf 89' lang='lat' dir='ltr'>filium:</span> <span class='ocrx_word' id='word_1_41' title='bbox 543 842 600 899; x_wconf 88' lang='lat' dir='ltr'>at¹</span> <span class='ocrx_word' id='word_1_42' title='bbox 618 836 766 918; x_wconf 87' lang='lat' dir='ltr'>juvenis,</span> <span class='ocrx_word' id='word_1_43' title='bbox 789 837 847 899; x_wconf 90' lang='lat' dir='ltr'>ubi</span> <span class='ocrx_word' id='word_1_44' title='bbox 874 855 910 900; x_wconf 83' lang='lat' dir='ltr'>se</span> <span class='ocrx_word' id='word_1_45' title='bbox 933 835 1162 902; x_wconf 84' lang='lat' dir='ltr'>vehementius</span> <span class='ocrx_word' id='word_1_46' title='bbox 1187 843 1222 901; x_wconf 89' lang='lat' dir='ltr'>et</span> 
     </span>
     <span class='ocr_line' id='line_1_7' title="bbox 123 936 1221 1020; baseline 0 -20"><span class='ocrx_word' id='word_1_47' title='bbox 123 937 266 1018; x_wconf 82' lang='lat' dir='ltr'>pervim</span> <span class='ocrx_word' id='word_1_48' title='bbox 287 937 407 1020; x_wconf 87' lang='lat' dir='ltr'>repelli</span> <span class='ocrx_word' id='word_1_49' title='bbox 423 937 522 1014; x_wconf 88' lang='lat' dir='ltr'>videt,</span> <span class='ocrx_word' id='word_1_50' title='bbox 545 937 656 1001; x_wconf 87' lang='lat' dir='ltr'>delere</span> <span class='ocrx_word' id='word_1_51' title='bbox 670 938 777 1002; x_wconf 88' lang='lat' dir='ltr'>elatus</span> <span class='ocrx_word' id='word_1_52' title='bbox 792 937 915 1002; x_wconf 83' lang='lat' dir='ltr'>multos</span> <span class='ocrx_word' id='word_1_53' title='bbox 929 936 1104 1000; x_wconf 81' lang='lat' dir='ltr'>custodum</span> <span class='ocrx_word' id='word_1_54' title='bbox 1120 937 1221 1001; x_wconf 86' lang='lat' dir='ltr'>inter·</span> 
     </span>
     <span class='ocr_line' id='line_1_8' title="bbox 123 1035 1221 1121; baseline 0.002 -22"><span class='ocrx_word' id='word_1_55' title='bbox 123 1035 208 1113; x_wconf 87' lang='lat' dir='ltr'>licit,</span> <span class='ocrx_word' id='word_1_56' title='bbox 237 1045 295 1100; x_wconf 90' lang='lat' dir='ltr'>ant</span> <span class='ocrx_word' id='word_1_57' title='bbox 322 1039 464 1118; x_wconf 81' lang='lat' dir='ltr'>graviter</span> <span class='ocrx_word' id='word_1_58' title='bbox 492 1040 694 1103; x_wconf 86' lang='lat' dir='ltr'>vulneratos·</span> <span class='ocrx_word' id='word_1_59' title='bbox 714 1037 877 1104; x_wconf 89' lang='lat' dir='ltr'>debilitat.</span> <span class='ocrx_word' id='word_1_60' title='bbox 922 1037 1009 1116; x_wconf 78' lang='lat' dir='ltr'>Quae</span> <span class='ocrx_word' id='word_1_61' title='bbox 1037 1045 1221 1121; x_wconf 83' lang='lat' dir='ltr'>postquam</span> 
     </span>
     <span class='ocr_line' id='line_1_9' title="bbox 125 1137 1222 1222; baseline 0 -20"><span class='ocrx_word' id='word_1_62' title='bbox 125 1137 245 1221; x_wconf 87' lang='lat' dir='ltr'>Ulyssi</span> <span class='ocrx_word' id='word_1_63' title='bbox 261 1140 393 1222; x_wconf 84' lang='lat' dir='ltr'>cognita</span> <span class='ocrx_word' id='word_1_64' title='bbox 409 1147 495 1218; x_wconf 88' lang='lat' dir='ltr'>sunt,</span> <span class='ocrx_word' id='word_1_65' title='bbox 510 1141 709 1204; x_wconf 85' lang='lat' dir='ltr'>existimans</span> <span class='ocrx_word' id='word_1_66' title='bbox 726 1139 885 1222; x_wconf 87' lang='lat' dir='ltr'>juvenem</span> <span class='ocrx_word' id='word_1_67' title='bbox 901 1157 922 1202; x_wconf 88' lang='lat' dir='ltr'>a</span> <span class='ocrx_word' id='word_1_68' title='bbox 936 1139 1139 1203; x_wconf 79' lang='lat' dir='ltr'>Telemacho</span> <span class='ocrx_word' id='word_1_69' title='bbox 1160 1139 1222 1203; x_wconf 87' lang='lat' dir='ltr'>im·</span> 
     </span>
     <span class='ocr_line' id='line_1_10' title="bbox 124 1240 1222 1322; baseline 0.002 -20"><span class='ocrx_word' id='word_1_70' title='bbox 124 1240 279 1316; x_wconf 87' lang='lat' dir='ltr'>missum,</span> <span class='ocrx_word' id='word_1_71' title='bbox 308 1259 461 1321; x_wconf 83' lang='lat' dir='ltr'>egressus</span> <span class='ocrx_word' id='word_1_72' title='bbox 486 1241 650 1318; x_wconf 79' lang='lat' dir='ltr'><strong>lanceam,</strong></span> <span class='ocrx_word' id='word_1_73' title='bbox 673 1259 774 1322; x_wconf 90' lang='lat' dir='ltr'>qnam</span> <span class='ocrx_word' id='word_1_74' title='bbox 798 1241 842 1303; x_wconf 90' lang='lat' dir='ltr'>nb</span> <span class='ocrx_word' id='word_1_75' title='bbox 868 1241 1003 1304; x_wconf 88' lang='lat' dir='ltr'>tutelam</span> <span class='ocrx_word' id='word_1_76' title='bbox 1029 1241 1081 1304; x_wconf 90' lang='lat' dir='ltr'>sui</span> <span class='ocrx_word' id='word_1_77' title='bbox 1112 1259 1222 1322; x_wconf 78' lang='lat' dir='ltr'>gerere</span> 
     </span>
     <span class='ocr_line' id='line_1_11' title="bbox 125 1339 1222 1425; baseline 0 -21"><span class='ocrx_word' id='word_1_78' title='bbox 125 1347 355 1420; x_wconf 86' lang='lat' dir='ltr'>consueverat,</span> <span class='ocrx_word' id='word_1_79' title='bbox 385 1341 558 1405; x_wconf 89' lang='lat' dir='ltr'>adversum</span> <span class='ocrx_word' id='word_1_80' title='bbox 583 1341 786 1423; x_wconf 77' lang='lat' dir='ltr'>Telegonum</span> <span class='ocrx_word' id='word_1_81' title='bbox 812 1341 992 1425; x_wconf 87' lang='lat' dir='ltr'>jaculatur.</span> <span class='ocrx_word' id='word_1_82' title='bbox 1035 1339 1099 1403; x_wconf 86' lang='lat' dir='ltr'>Sed</span> <span class='ocrx_word' id='word_1_83' title='bbox 1127 1347 1222 1422; x_wconf 88' lang='lat' dir='ltr'>post-</span> 
     </span>
     <span class='ocr_line' id='line_1_12' title="bbox 125 1441 1222 1526; baseline 0.001 -20"><span class='ocrx_word' id='word_1_84' title='bbox 125 1462 226 1525; x_wconf 88' lang='lat' dir='ltr'>quam</span> <span class='ocrx_word' id='word_1_85' title='bbox 247 1442 440 1524; x_wconf 88' lang='lat' dir='ltr'>hujusmodi</span> <span class='ocrx_word' id='word_1_86' title='bbox 463 1444 568 1507; x_wconf 88' lang='lat' dir='ltr'>ictum</span> <span class='ocrx_word' id='word_1_87' title='bbox 594 1443 729 1526; x_wconf 86' lang='lat' dir='ltr'>juvenis</span> <span class='ocrx_word' id='word_1_88' title='bbox 753 1463 835 1507; x_wconf 88' lang='lat' dir='ltr'>casu</span> <span class='ocrx_word' id='word_1_89' title='bbox 861 1441 1007 1525; x_wconf 88' lang='lat' dir='ltr'>quodam</span> <span class='ocrx_word' id='word_1_90' title='bbox 1033 1443 1222 1526; x_wconf 62' lang='lat' dir='ltr'>intercipit?</span> 
     </span>
    </p>
   </div>
   <div class='ocr_carea' id='block_1_3' title="bbox 19 1543 1222 1628">
    <p class='ocr_par' dir='ltr' id='par_1_3' title="bbox 19 1543 1222 1628">
     <span class='ocr_line' id='line_1_13' title="bbox 19 1543 1222 1628; baseline 0.001 -21"><span class='ocrx_word' id='word_1_91' title='bbox 19 1553 24 1567; x_wconf 87' lang='grc'>·</span> <span class='ocrx_word' id='word_1_92' title='bbox 125 1545 203 1628; x_wconf 86' lang='lat' dir='ltr'>ipse</span> <span class='ocrx_word' id='word_1_93' title='bbox 226 1544 259 1608; x_wconf 92' lang='lat' dir='ltr'>in</span> <span class='ocrx_word' id='word_1_94' title='bbox 280 1550 452 1627; x_wconf 90' lang='lat' dir='ltr'>parentem</span> <span class='ocrx_word' id='word_1_95' title='bbox 477 1545 602 1626; x_wconf 85' lang='lat' dir='ltr'>insigne</span> <span class='ocrx_word' id='word_1_96' title='bbox 623 1544 774 1627; x_wconf 89' lang='lat' dir='ltr'>jaculum</span> <span class='ocrx_word' id='word_1_97' title='bbox 800 1545 931 1621; x_wconf 89' lang='lat' dir='ltr'>emittit,</span> <span class='ocrx_word' id='word_1_98' title='bbox 955 1543 1222 1608; x_wconf 84' lang='lat' dir='ltr'>infelicissimum</span> 
     </span>
    </p>
   </div>
   <div class='ocr_carea' id='block_1_4' title="bbox 127 1643 1226 3037">
    <p class='ocr_par' dir='ltr' id='par_1_4' title="bbox 127 1643 1226 3037">
     <span class='ocr_line' id='line_1_14' title="bbox 127 1643 1222 1728; baseline -0.002 -18"><span class='ocrx_word' id='word_1_99' title='bbox 127 1665 244 1710; x_wconf 87' lang='lat' dir='ltr'>casnm</span> <span class='ocrx_word' id='word_1_100' title='bbox 271 1645 426 1710; x_wconf 82' lang='lat' dir='ltr'>vulneri²</span> <span class='ocrx_word' id='word_1_101' title='bbox 458 1645 732 1726; x_wconf 86' lang='lat' dir='ltr'>contemplatus.⁰</span> <span class='ocrx_word' id='word_1_102' title='bbox 776 1644 824 1707; x_wconf 90' lang='lat' dir='ltr'>At</span> <span class='ocrx_word' id='word_1_103' title='bbox 845 1643 904 1708; x_wconf 90' lang='lat' dir='ltr'>nbi</span> <span class='ocrx_word' id='word_1_104' title='bbox 924 1646 995 1708; x_wconf 86' lang='lat' dir='ltr'>ictn</span> <span class='ocrx_word' id='word_1_105' title='bbox 1017 1663 1058 1707; x_wconf 90' lang='lat' dir='ltr'>eo</span> <span class='ocrx_word' id='word_1_106' title='bbox 1082 1643 1222 1728; x_wconf 89' lang='lat' dir='ltr'>Ulysses</span> 
     </span>
     <span class='ocr_line' id='line_1_15' title="bbox 128 1746 1221 1829; baseline 0.003 -19"><span class='ocrx_word' id='word_1_107' title='bbox 128 1747 286 1824; x_wconf 89' lang='lat' dir='ltr'>concidit,</span> <span class='ocrx_word' id='word_1_108' title='bbox 303 1747 469 1826; x_wconf 74' lang='lat' dir='ltr'>⁸gratulari</span> <span class='ocrx_word' id='word_1_109' title='bbox 485 1766 558 1811; x_wconf 89' lang='lat' dir='ltr'>cum</span> <span class='ocrx_word' id='word_1_110' title='bbox 574 1747 718 1822; x_wconf 85' lang='lat' dir='ltr'>fortuna,</span> <span class='ocrx_word' id='word_1_111' title='bbox 741 1746 955 1829; x_wconf 84' lang='lat' dir='ltr'>confiterique</span> <span class='ocrx_word' id='word_1_112' title='bbox 969 1749 1093 1829; x_wconf 89' lang='lat' dir='ltr'>optime</span> <span class='ocrx_word' id='word_1_113' title='bbox 1109 1767 1221 1812; x_wconf 88' lang='lat' dir='ltr'>secum</span> 
     </span>
     <span class='ocr_line' id='line_1_16' title="bbox 128 1847 1223 1930; baseline 0.001 -20"><span class='ocrx_word' id='word_1_114' title='bbox 128 1852 239 1912; x_wconf 88' lang='lat' dir='ltr'>actum</span> <span class='ocrx_word' id='word_1_115' title='bbox 254 1848 345 1930; x_wconf 90' lang='lat' dir='ltr'>quod</span> <span class='ocrx_word' id='word_1_116' title='bbox 368 1866 429 1929; x_wconf 93' lang='lat' dir='ltr'>per</span> <span class='ocrx_word' id='word_1_117' title='bbox 445 1847 510 1911; x_wconf 84' lang='lat' dir='ltr'>vim</span> <span class='ocrx_word' id='word_1_118' title='bbox 525 1848 655 1910; x_wconf 87' lang='lat' dir='ltr'>externi</span> <span class='ocrx_word' id='word_1_119' title='bbox 670 1847 814 1911; x_wconf 90' lang='lat' dir='ltr'>hominis</span> <span class='ocrx_word' id='word_1_120' title='bbox 828 1848 1035 1924; x_wconf 87' lang='lat' dir='ltr'>interemtus,</span> <span class='ocrx_word' id='word_1_121' title='bbox 1050 1847 1223 1929; x_wconf 90' lang='lat' dir='ltr'>parricidii</span> 
     </span>
     <span class='ocr_line' id='line_1_17' title="bbox 128 1947 1223 2032; baseline -0.001 -19"><span class='ocrx_word' id='word_1_122' title='bbox 128 1950 255 2013; x_wconf 87' lang='lat' dir='ltr'>scelere</span> <span class='ocrx_word' id='word_1_123' title='bbox 277 1948 517 2032; x_wconf 77' lang='lat' dir='ltr'>Telemachum</span> <span class='ocrx_word' id='word_1_124' title='bbox 545 1947 755 2012; x_wconf 90' lang='lat' dir='ltr'>carissimum</span> <span class='ocrx_word' id='word_1_125' title='bbox 786 1948 850 2011; x_wconf 89' lang='lat' dir='ltr'>sibi</span> <span class='ocrx_word' id='word_1_126' title='bbox 874 1949 1091 2011; x_wconf 84' lang='lat' dir='ltr'>liberavisset</span> <span class='ocrx_word' id='word_1_127' title='bbox 1134 1947 1223 2012; x_wconf 90' lang='lat' dir='ltr'>Dein</span> 
     </span>
     <span class='ocr_line' id='line_1_18' title="bbox 128 2043 1223 2133; baseline -0.002 -19"><span class='ocrx_word' id='word_1_128' title='bbox 128 2051 292 2132; x_wconf 87' lang='lat' dir='ltr'>reliquum</span> <span class='ocrx_word' id='word_1_129' title='bbox 322 2050 429 2115; x_wconf 89' lang='lat' dir='ltr'>adhuc</span> <span class='ocrx_word' id='word_1_130' title='bbox 451 2055 615 2114; x_wconf 89' lang='lat' dir='ltr'>retentans</span> <span class='ocrx_word' id='word_1_131' title='bbox 640 2049 805 2131; x_wconf 88' lang='lat' dir='ltr'>spiritum,</span> <span class='ocrx_word' id='word_1_132' title='bbox 828 2043 987 2133; x_wconf 86' lang='lat' dir='ltr'>juvenem</span> <span class='ocrx_word' id='word_1_133' title='bbox 1011 2050 1223 2129; x_wconf 89' lang='lat' dir='ltr'>percunctari</span> 
     </span>
     <span class='ocr_line' id='line_1_19' title="bbox 129 2149 1223 2235; baseline -0.002 -21"><span class='ocrx_word' id='word_1_134' title='bbox 129 2151 294 2234; x_wconf 87' lang='lat' dir='ltr'>quisnam,</span> <span class='ocrx_word' id='word_1_135' title='bbox 310 2157 343 2214; x_wconf 91' lang='lat' dir='ltr'>et</span> <span class='ocrx_word' id='word_1_136' title='bbox 358 2171 403 2214; x_wconf 83' lang='lat' dir='ltr'>ex</span> <span class='ocrx_word' id='word_1_137' title='bbox 413 2171 484 2235; x_wconf 79' lang='lat' dir='ltr'>¹quo</span> <span class='ocrx_word' id='word_1_138' title='bbox 498 2158 592 2214; x_wconf 87' lang='lat' dir='ltr'>ortus</span> <span class='ocrx_word' id='word_1_139' title='bbox 607 2153 693 2226; x_wconf 86' lang='lat' dir='ltr'>loce,</span> <span class='ocrx_word' id='word_1_140' title='bbox 708 2159 766 2214; x_wconf 86' lang='lat' dir='ltr'>se³</span> <span class='ocrx_word' id='word_1_141' title='bbox 783 2150 873 2214; x_wconf 90' lang='lat' dir='ltr'>domi</span> <span class='ocrx_word' id='word_1_142' title='bbox 886 2149 1039 2231; x_wconf 88' lang='lat' dir='ltr'>belloque</span> <span class='ocrx_word' id='word_1_143' title='bbox 1048 2149 1223 2233; x_wconf 81' lang='lat' dir='ltr'>inclytump</span> 
     </span>
     <span class='ocr_line' id='line_1_20' title="bbox 130 2249 1224 2334; baseline -0.001 -19"><span class='ocrx_word' id='word_1_144' title='bbox 130 2251 290 2334; x_wconf 89' lang='lat' dir='ltr'>Ulyssem</span> <span class='ocrx_word' id='word_1_145' title='bbox 312 2250 442 2316; x_wconf 68' lang='lat' dir='ltr'>Laertae</span> <span class='ocrx_word' id='word_1_146' title='bbox 458 2251 561 2314; x_wconf 89' lang='lat' dir='ltr'>filium</span> <span class='ocrx_word' id='word_1_147' title='bbox 577 2251 761 2315; x_wconf 87' lang='lat' dir='ltr'>interficere</span> <span class='ocrx_word' id='word_1_148' title='bbox 785 2271 887 2315; x_wconf 89' lang='lat' dir='ltr'>ausus</span> <span class='ocrx_word' id='word_1_149' title='bbox 910 2257 1014 2314; x_wconf 89' lang='lat' dir='ltr'>esset.</span> <span class='ocrx_word' id='word_1_150' title='bbox 1056 2249 1143 2314; x_wconf 90' lang='lat' dir='ltr'>Tum</span> <span class='ocrx_word' id='word_1_151' title='bbox 1157 2249 1224 2314; x_wconf 91' lang='lat' dir='ltr'>Te·</span> 
     </span>
     <span class='ocr_line' id='line_1_21' title="bbox 129 2350 1223 2435; baseline 0 -19"><span class='ocrx_word' id='word_1_152' title='bbox 129 2352 271 2435; x_wconf 84' lang='lat' dir='ltr'>legonus</span> <span class='ocrx_word' id='word_1_153' title='bbox 295 2351 429 2433; x_wconf 81' lang='lat' dir='ltr'>cognito</span> <span class='ocrx_word' id='word_1_154' title='bbox 454 2360 624 2434; x_wconf 91' lang='lat' dir='ltr'>parentem</span> <span class='ocrx_word' id='word_1_155' title='bbox 653 2372 743 2430; x_wconf 89' lang='lat' dir='ltr'>esse,</span> <span class='ocrx_word' id='word_1_156' title='bbox 769 2361 909 2435; x_wconf 87' lang='lat' dir='ltr'>utraque</span> <span class='ocrx_word' id='word_1_157' title='bbox 933 2371 1033 2414; x_wconf 88' lang='lat' dir='ltr'>manu</span> <span class='ocrx_word' id='word_1_158' title='bbox 1057 2350 1223 2416; x_wconf 80' lang='lat' dir='ltr'>dilanians</span> 
     </span>
     <span class='ocr_line' id='line_1_22' title="bbox 131 2451 1224 2536; baseline 0 -20"><span class='ocrx_word' id='word_1_159' title='bbox 131 2459 247 2536; x_wconf 90' lang='lat' dir='ltr'>caput,</span> <span class='ocrx_word' id='word_1_160' title='bbox 266 2451 378 2515; x_wconf 86' lang='lat' dir='ltr'>fletum</span> <span class='ocrx_word' id='word_1_161' title='bbox 393 2451 464 2515; x_wconf 88' lang='lat' dir='ltr'>edit</span> <span class='ocrx_word' id='word_1_162' title='bbox 478 2471 578 2534; x_wconf 90' lang='lat' dir='ltr'>quam</span> <span class='ocrx_word' id='word_1_163' title='bbox 593 2452 826 2530; x_wconf 84' lang='lat' dir='ltr'>miserabilem,</span> <span class='ocrx_word' id='word_1_164' title='bbox 841 2453 988 2516; x_wconf 86' lang='lat' dir='ltr'>maxime</span> <span class='ocrx_word' id='word_1_165' title='bbox 1004 2452 1224 2518; x_wconf 88' lang='lat' dir='ltr'>discruciatus</span> 
     </span>
     <span class='ocr_line' id='line_1_23' title="bbox 131 2553 1224 2636; baseline -0.002 -20"><span class='ocrx_word' id='word_1_166' title='bbox 131 2553 173 2616; x_wconf 88' lang='lat' dir='ltr'>ob</span> <span class='ocrx_word' id='word_1_167' title='bbox 188 2553 317 2616; x_wconf 84' lang='lat' dir='ltr'>illatam</span> <span class='ocrx_word' id='word_1_168' title='bbox 334 2571 443 2634; x_wconf 87' lang='lat' dir='ltr'>perse</span> <span class='ocrx_word' id='word_1_169' title='bbox 458 2553 545 2634; x_wconf 88' lang='lat' dir='ltr'>patri</span> <span class='ocrx_word' id='word_1_170' title='bbox 560 2571 684 2616; x_wconf 88' lang='lat' dir='ltr'>necem.</span> <span class='ocrx_word' id='word_1_171' title='bbox 728 2553 848 2636; x_wconf 91' lang='lat' dir='ltr'>Itaque</span> <span class='ocrx_word' id='word_1_172' title='bbox 857 2553 988 2634; x_wconf 87' lang='lat' dir='ltr'>Ulyssi,</span> <span class='ocrx_word' id='word_1_173' title='bbox 1000 2555 1050 2616; x_wconf 90' lang='lat' dir='ltr'>uti</span> <span class='ocrx_word' id='word_1_174' title='bbox 1063 2554 1224 2629; x_wconf 84' lang='lat' dir='ltr'>voluerat,</span> 
     </span>
     <span class='ocr_line' id='line_1_24' title="bbox 131 2651 1223 2733; baseline 0.001 -19"><span class='ocrx_word' id='word_1_175' title='bbox 131 2672 253 2724; x_wconf 81' lang='lat' dir='ltr'>nemen</span> <span class='ocrx_word' id='word_1_176' title='bbox 267 2673 363 2715; x_wconf 90' lang='lat' dir='ltr'>suum</span> <span class='ocrx_word' id='word_1_177' title='bbox 379 2658 480 2733; x_wconf 87' lang='lat' dir='ltr'>atque</span> <span class='ocrx_word' id='word_1_178' title='bbox 495 2653 626 2727; x_wconf 89' lang='lat' dir='ltr'>matris,</span> <span class='ocrx_word' id='word_1_179' title='bbox 650 2651 792 2714; x_wconf 85' lang='lat' dir='ltr'>insulam</span> <span class='ocrx_word' id='word_1_180' title='bbox 817 2659 974 2733; x_wconf 78' lang='lat' dir='ltr'>qnoque⁴</span> <span class='ocrx_word' id='word_1_181' title='bbox 997 2652 1031 2712; x_wconf 92' lang='lat' dir='ltr'>in</span> <span class='ocrx_word' id='word_1_182' title='bbox 1048 2671 1117 2732; x_wconf 92' lang='lat' dir='ltr'>qua</span> <span class='ocrx_word' id='word_1_183' title='bbox 1132 2659 1223 2715; x_wconf 88' lang='lat' dir='ltr'>crtus</span> 
     </span>
     <span class='ocr_line' id='line_1_25' title="bbox 131 2751 1225 2835; baseline -0.004 -17"><span class='ocrx_word' id='word_1_184' title='bbox 131 2764 229 2830; x_wconf 86' lang='lat' dir='ltr'>esset,</span> <span class='ocrx_word' id='word_1_185' title='bbox 259 2760 293 2818; x_wconf 90' lang='lat' dir='ltr'>et</span> <span class='ocrx_word' id='word_1_186' title='bbox 330 2753 373 2816; x_wconf 90' lang='lat' dir='ltr'>ad</span> <span class='ocrx_word' id='word_1_187' title='bbox 409 2758 615 2835; x_wconf 86' lang='lat' dir='ltr'>postremum</span> <span class='ocrx_word' id='word_1_188' title='bbox 651 2751 779 2832; x_wconf 84' lang='lat' dir='ltr'>insigne</span> <span class='ocrx_word' id='word_1_189' title='bbox 807 2751 916 2834; x_wconf 89' lang='lat' dir='ltr'>jaculi</span> <span class='ocrx_word' id='word_1_190' title='bbox 956 2751 1112 2814; x_wconf 87' lang='lat' dir='ltr'>ostendit.</span> <span class='ocrx_word' id='word_1_191' title='bbox 1169 2751 1225 2814; x_wconf 92' lang='lat' dir='ltr'>Ita</span> 
     </span>
     <span class='ocr_line' id='line_1_26' title="bbox 132 2852 1224 2938; baseline -0.002 -19"><span class='ocrx_word' id='word_1_192' title='bbox 132 2854 286 2938; x_wconf 89' lang='lat' dir='ltr'>Ulysses,</span> <span class='ocrx_word' id='word_1_193' title='bbox 311 2854 369 2916; x_wconf 89' lang='lat' dir='ltr'>nbi</span> <span class='ocrx_word' id='word_1_194' title='bbox 392 2853 458 2917; x_wconf 84' lang='lat' dir='ltr'>vim</span> <span class='ocrx_word' id='word_1_195' title='bbox 483 2853 705 2934; x_wconf 80' lang='lat' dir='ltr'>ingruentium</span> <span class='ocrx_word' id='word_1_196' title='bbox 728 2853 932 2916; x_wconf 85' lang='lat' dir='ltr'>somniorum</span> <span class='ocrx_word' id='word_1_197' title='bbox 957 2852 1224 2936; x_wconf 85' lang='lat' dir='ltr'>praedictumque</span> 
     </span>
     <span class='ocr_line' id='line_1_27' title="bbox 132 2952 1226 3037; baseline -0.002 -19"><span class='ocrx_word' id='word_1_198' title='bbox 132 2955 177 3018; x_wconf 92' lang='lat' dir='ltr'>ab</span> <span class='ocrx_word' id='word_1_199' title='bbox 206 2954 441 3037; x_wconf 85' lang='lat' dir='ltr'>interpretibus</span> <span class='ocrx_word' id='word_1_200' title='bbox 459 2952 543 3018; x_wconf 29' lang='lat' dir='ltr'>tvitae</span> <span class='ocrx_word' id='word_1_201' title='bbox 571 2953 697 3016; x_wconf 83' lang='lat' dir='ltr'>exitum</span> <span class='ocrx_word' id='word_1_202' title='bbox 721 2953 833 3018; x_wconf 87' lang='lat' dir='ltr'>enimn</span> <span class='ocrx_word' id='word_1_203' title='bbox 854 2954 1048 3018; x_wconf 89' lang='lat' dir='ltr'>recordatus</span> <span class='ocrx_word' id='word_1_204' title='bbox 1074 2960 1135 3030; x_wconf 90' lang='lat' dir='ltr'>est,</span> <span class='ocrx_word' id='word_1_205' title='bbox 1154 2954 1226 3017; x_wconf 88' lang='lat' dir='ltr'>vnl-</span> 
     </span>
    </p>
   </div>
   <div class='ocr_carea' id='block_1_5' title="bbox 594 3163 870 3184">
    <p class='ocr_par' dir='ltr' id='par_1_5' title="bbox 594 3163 870 3184">
     <span class='ocr_line' id='line_1_28' title="bbox 594 3163 870 3184; baseline 0.007 -2"><span class='ocrx_word' id='word_1_206' title='bbox 594 3163 766 3184; x_wconf 58' lang='grc' dir='ltr'>ΜΟΝΟΝΝ</span> <span class='ocrx_word' id='word_1_207' title='bbox 869 3164 870 3172; x_wconf 67' lang='lat'>¹</span> 
     </span>
    </p>
   </div>
   <div class='ocr_carea' id='block_1_6' title="bbox 135 3305 1229 3439">
    <p class='ocr_par' dir='ltr' id='par_1_6' title="bbox 135 3305 1229 3439">
     <span class='ocr_line' id='line_1_29' title="bbox 167 3305 1229 3375; baseline -0.008 -11"><span class='ocrx_word' id='word_1_208' title='bbox 167 3321 184 3364; x_wconf 78' lang='lat'><strong>9</strong></span> <span class='ocrx_word' id='word_1_209' title='bbox 200 3313 295 3375; x_wconf 75' lang='lat' dir='ltr'>Delpln</span> <span class='ocrx_word' id='word_1_210' title='bbox 304 3319 332 3362; x_wconf 89' lang='lat' dir='ltr'>et</span> <span class='ocrx_word' id='word_1_211' title='bbox 343 3311 411 3375; x_wconf 80' lang='lat' dir='ltr'>vulg.</span> <span class='ocrx_word' id='word_1_212' title='bbox 420 3310 594 3360; x_wconf 72' lang='lat' dir='ltr'>creditum-l</span> <span class='ocrx_word' id='word_1_213' title='bbox 612 3311 706 3374; x_wconf 86' lang='lat' dir='ltr'>Delph.</span> <span class='ocrx_word' id='word_1_214' title='bbox 722 3310 834 3360; x_wconf 68' lang='lat' dir='ltr'>dela—i</span> <span class='ocrx_word' id='word_1_215' title='bbox 850 3305 973 3374; x_wconf 75' lang='lat' dir='ltr'>vinding.</span> <span class='ocrx_word' id='word_1_216' title='bbox 984 3307 1121 3372; x_wconf 77' lang='lat' dir='ltr'>legendnm</span> <span class='ocrx_word' id='word_1_217' title='bbox 1138 3315 1229 3356; x_wconf 76' lang='lat' dir='ltr'>center</span> 
     </span>
     <span class='ocr_line' id='line_1_30' title="bbox 135 3374 1226 3439; baseline -0.008 -11"><span class='ocrx_word' id='word_1_218' title='bbox 135 3379 311 3431; x_wconf 67' lang='lat' dir='ltr'>vulnerati—t</span> <span class='ocrx_word' id='word_1_219' title='bbox 330 3376 400 3424; x_wconf 81' lang='lat' dir='ltr'>Ante</span> <span class='ocrx_word' id='word_1_220' title='bbox 411 3390 437 3425; x_wconf 83' lang='lat' dir='ltr'>re</span> <span class='ocrx_word' id='word_1_221' title='bbox 447 3376 526 3425; x_wconf 83' lang='lat' dir='ltr'>habet</span> <span class='ocrx_word' id='word_1_222' title='bbox 537 3376 634 3439; x_wconf 85' lang='lat' dir='ltr'>Delph.</span> <span class='ocrx_word' id='word_1_223' title='bbox 647 3376 744 3438; x_wconf 65' lang='lat' dir='ltr'>put-&#39;4</span> <span class='ocrx_word' id='word_1_224' title='bbox 761 3377 846 3425; x_wconf 75' lang='lat' dir='ltr'>Deest</span> <span class='ocrx_word' id='word_1_225' title='bbox 857 3374 884 3423; x_wconf 91' lang='lat' dir='ltr'>in</span> <span class='ocrx_word' id='word_1_226' title='bbox 903 3374 997 3438; x_wconf 83' lang='lat' dir='ltr'>Delph.</span> <span class='ocrx_word' id='word_1_227' title='bbox 1014 3387 1111 3439; x_wconf 74' lang='lat' dir='ltr'>qnoque,</span> <span class='ocrx_word' id='word_1_228' title='bbox 1126 3378 1153 3422; x_wconf 87' lang='lat' dir='ltr'>et</span> <span class='ocrx_word' id='word_1_229' title='bbox 1168 3385 1226 3420; x_wconf 88' lang='lat' dir='ltr'>mcx</span> 
     </span>
    </p>
   </div>
   <div class='ocr_carea' id='block_1_7' title="bbox 135 3445 737 3634">
    <p class='ocr_par' dir='ltr' id='par_1_7' title="bbox 135 3445 737 3634">
     <span class='ocr_line' id='line_1_31' title="bbox 135 3445 384 3508; baseline 0 -18"><span class='ocrx_word' id='word_1_230' title='bbox 135 3459 180 3508; x_wconf 72' lang='lat' dir='ltr'>que</span> <span class='ocrx_word' id='word_1_231' title='bbox 192 3450 251 3506; x_wconf 75' lang='lat' dir='ltr'>port</span> <span class='ocrx_word' id='word_1_232' title='bbox 260 3445 384 3503; x_wconf 71' lang='lat' dir='ltr'>provecta.</span> 
     </span>
     <span class='ocr_line' id='line_1_32' title="bbox 629 3577 737 3634; baseline 0.009 -3"><span class='ocrx_word' id='word_1_233' title='bbox 629 3577 737 3634; x_wconf 69' lang='lat' dir='ltr'>Nom</span> 
     </span>
    </p>
   </div>
   <div class='ocr_carea' id='block_1_8' title="bbox 136 3723 1270 4172">
    <p class='ocr_par' dir='ltr' id='par_1_8' title="bbox 136 3723 1270 4172">
     <span class='ocr_line' id='line_1_33' title="bbox 136 3723 996 3788; baseline -0.01 -9"><span class='ocrx_word' id='word_1_234' title='bbox 136 3728 200 3779; x_wconf 81' lang='lat' dir='ltr'>Seni</span> <span class='ocrx_word' id='word_1_235' title='bbox 216 3731 302 3775; x_wconf 85' lang='lat' dir='ltr'>autern</span> <span class='ocrx_word' id='word_1_236' title='bbox 322 3725 466 3778; x_wconf 86' lang='lat' dir='ltr'>accurrenti</span> <span class='ocrx_word' id='word_1_237' title='bbox 482 3725 595 3788; x_wconf 78' lang='lat' dir='ltr'>parenti,</span> <span class='ocrx_word' id='word_1_238' title='bbox 610 3725 664 3788; x_wconf 76' lang='lat' dir='ltr'>Ipsi</span> <span class='ocrx_word' id='word_1_239' title='bbox 703 3723 996 3776; x_wconf 78' lang='lat' dir='ltr'>lrtuehenetnmlnirre.</span> 
     </span>
     <span class='ocr_line' id='line_1_34' title="bbox 139 3795 1227 3868; baseline -0.008 -16"><span class='ocrx_word' id='word_1_240' title='bbox 139 3802 664 3868; x_wconf 78' lang='lat' dir='ltr'>quemquaerebat‚melamlmrnieitrner·</span> <span class='ocrx_word' id='word_1_241' title='bbox 689 3813 690 3816; x_wconf 48' lang='lat'>¹</span> <span class='ocrx_word' id='word_1_242' title='bbox 736 3802 842 3851; x_wconf 76' lang='lat' dir='ltr'>nDnri</span> <span class='ocrx_word' id='word_1_243' title='bbox 863 3801 964 3860; x_wconf 55' lang='lat' dir='ltr'>&amp;tuque</span> <span class='ocrx_word' id='word_1_244' title='bbox 991 3796 1117 3860; x_wconf 74' lang='lat' dir='ltr'>inclytum]</span> <span class='ocrx_word' id='word_1_245' title='bbox 1146 3795 1227 3853; x_wconf 80' lang='lat' dir='ltr'>Derai,</span> 
     </span>
     <span class='ocr_line' id='line_1_35' title="bbox 139 3870 1227 3936; baseline -0.009 -6"><span class='ocrx_word' id='word_1_246' title='bbox 139 3880 213 3932; x_wconf 66' lang='lat' dir='ltr'>tem!</span> <span class='ocrx_word' id='word_1_247' title='bbox 705 3871 994 3936; x_wconf 80' lang='lat' dir='ltr'>subanditur‚&#39;tempcre,·</span> <span class='ocrx_word' id='word_1_248' title='bbox 1010 3877 1037 3920; x_wconf 86' lang='lat' dir='ltr'>et</span> <span class='ocrx_word' id='word_1_249' title='bbox 1054 3872 1095 3919; x_wconf 76' lang='lat' dir='ltr'>llic</span> <span class='ocrx_word' id='word_1_250' title='bbox 1107 3870 1227 3920; x_wconf 80' lang='lat' dir='ltr'>‘domus’</span> 
     </span>
     <span class='ocr_line' id='line_1_36' title="bbox 173 3945 1229 4017; baseline -0.009 -13"><span class='ocrx_word' id='word_1_251' title='bbox 173 3963 185 3988; x_wconf 85' lang='lat'>¹¹</span> <span class='ocrx_word' id='word_1_252' title='bbox 202 3953 340 4017; x_wconf 78' lang='lat' dir='ltr'>intercipit]</span> <span class='ocrx_word' id='word_1_253' title='bbox 359 3953 470 4014; x_wconf 74' lang='lat' dir='ltr'>Gallice,</span> <span class='ocrx_word' id='word_1_254' title='bbox 481 3953 602 4005; x_wconf 71' lang='lat' dir='ltr'>dttnurne.</span> <span class='ocrx_word' id='word_1_255' title='bbox 704 3959 844 4014; x_wconf 71' lang='lat' dir='ltr'>usurpatur</span> <span class='ocrx_word' id='word_1_256' title='bbox 855 3962 902 4012; x_wconf 86' lang='lat' dir='ltr'>pro</span> <span class='ocrx_word' id='word_1_257' title='bbox 914 3960 987 4010; x_wconf 85' lang='lat' dir='ltr'>pace.</span> <span class='ocrx_word' id='word_1_258' title='bbox 1020 3945 1073 3995; x_wconf 84' lang='lat' dir='ltr'>Alli</span> <span class='ocrx_word' id='word_1_259' title='bbox 1089 3945 1179 3996; x_wconf 79' lang='lat' dir='ltr'>melina</span> <span class='ocrx_word' id='word_1_260' title='bbox 1191 3946 1229 3994; x_wconf 87' lang='lat' dir='ltr'>di·</span> 
     </span>
     <span class='ocr_line' id='line_1_37' title="bbox 171 4019 1270 4090; baseline -0.013 -10"><span class='ocrx_word' id='word_1_261' title='bbox 171 4031 488 4090; x_wconf 70' lang='lat' dir='ltr'>⁰1afelicireimamccrum</span> <span class='ocrx_word' id='word_1_262' title='bbox 504 4028 597 4078; x_wconf 74' lang='lat' dir='ltr'>vulneri</span> <span class='ocrx_word' id='word_1_263' title='bbox 615 4039 668 4076; x_wconf 81' lang='lat' dir='ltr'>cea·</span> <span class='ocrx_word' id='word_1_264' title='bbox 706 4019 1015 4085; x_wconf 84' lang='lat' dir='ltr'>cunt,‘dnmibellique.&#39;</span> <span class='ocrx_word' id='word_1_265' title='bbox 1264 4020 1270 4028; x_wconf 84' lang='lat'><strong><em>&#39;</em></strong></span> 
     </span>
     <span class='ocr_line' id='line_1_38' title="bbox 137 4102 666 4172; baseline -0.013 -14"><span class='ocrx_word' id='word_1_266' title='bbox 137 4107 278 4172; x_wconf 75' lang='lat' dir='ltr'>temptatur]</span> <span class='ocrx_word' id='word_1_267' title='bbox 308 4106 458 4172; x_wconf 82' lang='lat' dir='ltr'>Lycophrcn</span> <span class='ocrx_word' id='word_1_268' title='bbox 471 4104 571 4170; x_wconf 73' lang='lat' dir='ltr'>cenibil,</span> <span class='ocrx_word' id='word_1_269' title='bbox 579 4102 666 4168; x_wconf 79' lang='lat' dir='ltr'>Ulyrrl</span> 
     </span>
    </p>
   </div>
   <div class='ocr_carea' id='block_1_9' title="bbox 0 0 1546 4900">
    <p class='ocr_par' dir='ltr' id='par_1_9' title="bbox 0 0 1546 4900">
     <span class='ocr_line' id='line_1_39' title="bbox 0 0 1546 4900; baseline 0 0"><span class='ocrx_word' id='word_1_270' title='bbox 0 0 1546 4900; x_wconf 95' lang='lat' dir='ltr'> </span> 
     </span>
    </p>
   </div>
  </div>
 </body>
</html>
