3052 4900
308 329 373 398 8⁴6
743 335 951 388 cessatrix.

309 494 446 560 Ideuirn
460 492 572 560 estad
591 509 683 558 aram
704 491 806 558 teris
832 491 982 570 Herctci,
996 491 1158 576 quomodo
1183 491 1242 556 alii
1266 489 1386 558 Gracc

309 596 416 662 dicere
429 597 631 672 meluerunt,
645 599 685 660 ut
699 593 799 662 Orid·
813 596 847 662 in
871 593 924 660 lb.
944 592 1032 659 ‘cui
1054 593 1137 658 nihil
1156 592 1289 658 Herceei
1312 610 1389 676 pro·

307 693 373 762 ruit
393 713 451 762 ara
471 693 592 762 Jovis’
612 694 736 780 Hygia.
758 695 826 762 lab.
840 696 893 762 91.
916 694 1023 760 ‘Pars
1037 695 1071 758 in
1085 707 1175 760 aram
1186 694 1284 760 lovis
1300 695 1388 760 Her·

307 795 530 864 minnistin·
572 794 694 862 Festus
706 817 715 861 :
729 800 740 830 ‘
752 796 917 862 Hercaus
931 794 1067 877 Jupiter
1085 797 1174 862 intra
1187 801 1387 879 conseptum

308 896 430 964 domus
444 897 606 982 cujusque
617 895 800 973 colebatur,
824 911 922 979 quern
940 903 974 959 et
988 895 1099 958 Deum
1113 894 1313 978 penetralem
1329 914 1390 978 ap·

308 995 496 1082 pellabant'
536 997 671 1062 Servius
699 997 733 1062 in
757 996 835 1066 AEn.
858 1010 899 1062 ιι.
920 993 1082 1077 ‘Singula
1106 995 1227 1058 demus
1255 1001 1388 1058 sacrata

309 1097 675 1177 mercenarorium
689 1098 767 1164 Diis
786 1099 974 1183 metibus,
997 1095 1173 1168 Maceriee,
1192 1112 1268 1177 qum
1283 1094 1388 1160 ambit

309 1197 451 1279 domum,
474 1197 619 1266 Heremo
639 1197 740 1265 dori?
782 1198 901 1282 Itaque
922 1197 1005 1262 nihil
1022 1195 1191 1262 Mercerus
1211 1195 1290 1278 egit,
1311 1213 1387 1258 cum

309 1301 459 1383 probata
480 1299 672 1368 latinitatis
693 1300 825 1367 laudem
849 1299 926 1366 buic
951 1297 1118 1364 Historia
1143 1296 1306 1362 sententie
1325 1313 1389 1360 sua

309 1401 494 1484 abrogavit,
505 1403 659 1486 ultroque
673 1402 814 1485 mtrem
827 1401 901 1486 ejus
912 1398 1143 1466 emendatione
1151 1399 1299 1464 merium
1309 1397 1391 1463 eliu·

308 1500 360 1568 dit
368 1522 378 1567 r
387 1503 447 1586 qui
460 1521 528 1568 non
540 1505 647 1568 minus
660 1501 694 1568 in
707 1523 749 1568 ec
761 1503 990 1580 hallucinatur,
996 1501 1087 1584 quod
1101 1519 1179 1566 cum
1186 1500 1271 1564 libro
1282 1497 1389 1582 primo

308 1603 570 1668 membranarum
593 1617 729 1668 auarum
750 1601 816 1666 fide
840 1603 891 1668 sic
914 1602 1091 1667 edidisset:
1114 1598 1329 1664 ‘Podalirius
1355 1607 1390 1664 et

309 1698 478 1767 Machaon
500 1700 701 1784 AEsculapio
723 1701 838 1784 geniti,
860 1701 961 1766 acciti
981 1699 1024 1764 ed
1040 1699 1075 1764 id
1087 1695 1212 1764 bellum
1227 1701 1272 1764 eb
1286 1699 1389 1764 soler-

309 1799 392 1866 tiam
414 1801 590 1868 medicinae
612 1799 729 1868 artis?
751 1799 1307 1877 annomrit,‘b1edicinemartcm
1320 1799 1390 1864 dic.

310 1911 382 1968 tum
396 1921 482 1981 ease,
503 1908 543 1970 ιιι
561 1909 682 1968 terrum
701 1902 844 1981 Italiam,
858 1902 1028 1968 mulierem
1042 1901 1255 1979 meretricem,
1270 1901 1391 1968 Senec-

309 2009 379 2069 tam
398 2004 553 2068 tentem!
609 2004 790 2088 Perpetem
813 2003 944 2070 scilicet
970 2003 1184 2080 Medicinam,
1207 2010 1388 2080 senectam,

308 2107 343 2168 et
357 2100 575 2186 Meretricem,
588 2105 725 2188 perinde
738 2113 779 2171 ut
792 2105 939 2185 Iulium,
953 2107 1086 2172 nomina
1099 2104 1306 2170 substantiva
1314 2122 1391 2167 csse

308 2203 457 2270 credidit.
473 2204 563 2272 Nam
570 2212 720 2273 senectus
729 2209 943 2293 participium
949 2225 1036 2286 esse,
1042 2207 1196 2291 idemque
1205 2203 1391 2288 siguificare

310 2305 403 2388 qued
425 2309 439 2368 ι
459 2306 599 2392 γηράσας,
622 2308 818 2376 Priscianus
835 2315 984 2376 veterum
1006 2308 1204 2374 anctoritate
1218 2307 1303 2371 satis
1315 2323 1392 2388 pro-

307 2403 412 2471 berte
453 2407 618 2472 Dicebant
641 2409 793 2472 nimirum
820 2415 972 2476 senectus
998 2410 1059 2485 vir,
1085 2413 1221 2472 senecta
1245 2405 1390 2481 scamina,

308 2511 478 2568 senectam
502 2521 643 2588 corpus:
666 2506 813 2592 adeoque
835 2510 968 2594 quoties
991 2507 1172 2572 deuectam
1191 2524 1252 2590 pre
1273 2503 1391 2568 Senec-

308 2607 382 2668 tute
394 2602 544 2685 legimus,
564 2603 713 2668 AEtatetn
729 2609 955 2682 subaudimus,
969 2606 1061 2686 quod
1074 2603 1210 2685 quidem
1219 2600 1390 2666 Mercems

309 2703 428 2770 Servio
441 2701 575 2768 credere
588 2704 762 2787 poteratin
776 2705 855 2770 AEn.
866 2720 908 2769 ιι.
919 2704 1147 2769 sicmonenti:
1168 2703 1229 2768 ‘ei
1239 2701 1391 2768 dicamus

310 2803 468 2881 Senecio,
492 2809 553 2868 aut
573 2802 761 2870 addendum
778 2804 879 2880 'retae
900 2810 958 2870 ant
976 2804 1243 2888 intelligendem'
1287 2803 1393 2869 Mere-

309 2903 377 2970 trix
400 2921 466 2966 non
494 2903 595 2967 abam
619 2905 779 2970 rationem
803 2905 916 2984 babet,
942 2923 1043 2988 qnam
1065 2904 1226 2984 Gonibix,
1249 2903 1393 2982 Victrix,

310 2999 434 3080 Altrix,
458 3020 534 3085 qum
556 3001 795 3086 adjectivorum
819 3005 923 3070 instar
945 3021 1022 3072 esse
1043 3007 1167 3071 nemini
1190 3011 1393 3092 potestesse

310 3102 458 3168 dubium.
502 3103 709 3170 Medicinam
731 3123 831 3189 perro
854 3121 979 3172 merum
1008 3105 1207 3192 adjectivum
1233 3125 1322 3185 esse,
1354 3115 1393 3172 ut

309 3201 391 3282 ess,
410 3205 465 3272 rei
482 3204 637 3272 Taberna
655 3207 882 3286 subaudietur,
896 3207 1061 3293 quemodo
1077 3207 1207 3273 tandem
1221 3207 1392 3274 Mercerus

310 3311 421 3372 tantm
433 3305 579 3371 literetcr
591 3306 740 3390 ignorare
755 3309 888 3392 pontiti
932 3309 1076 3392 Legerat
1094 3307 1180 3372 enim
1192 3308 1226 3372 in
1240 3307 1390 3371 Varrone

312 3423 364 3471 ιν.
384 3406 571 3489 delinges
589 3407 720 3474 latina.
740 3408 955 3488 ‘Artificibus
970 3411 1118 3475 maxima
1131 3425 1233 3472 causa
1246 3407 1290 3470 ab
1306 3411 1390 3484 arte,

195 3541 215 3609 ⁶,
310 3507 422 3585 idest,
438 3509 480 3572 ab
495 3513 565 3572 arte
579 3509 739 3574 medicina
751 3515 788 3574 ut
801 3511 847 3574 sit
859 3512 1009 3575 medicus
1022 3509 1144 3586 dictus,
1160 3526 1182 3572 a
1194 3505 1321 3572 sutrina
1334 3524 1391 3572 su-

310 3615 372 3686 tor,
385 3627 453 3676 uon
467 3627 488 3674 a
501 3606 659 3672 medendo
668 3627 709 3674 ac
726 3609 875 3684 suendo!
922 3609 965 3675 lit
979 3625 1046 3673 ιιι.
1061 3613 1070 3645 ⁸
1085 3609 1252 3686 Taberna,
1265 3609 1326 3674 ubi
1337 3627 1391 3673 ve·

310 3711 462 3788 nitcaro,
475 3709 622 3779 Ιιιιιίοιιιιι
636 3709 696 3774 ubi
707 3708 828 3794 peiles,
842 3710 1056 3794 pellesrena3
1071 3708 1258 3788 ubi‘cal'cei,
1267 3709 1392 3774 sutrim

312 3809 453 3878 dicitur!
495 3813 648 3878 Donatus
669 3809 702 3875 in
721 3807 821 3878 Adel.
836 3827 884 3878 tv.
898 3813 933 3877 2.
952 3809 1118 3876 ‘Veteres
1131 3809 1286 3874 absolute
1301 3808 1392 3874 dice·
1443 3875 1450 3886 ,

311 3910 392 3978 beot
410 3912 603 3995 'pistrinam
624 3919 666 3976 ut
686 3911 843 3988 sutduam
867 3920 902 3980 et
923 3913 1129 4002 medicinam,
1153 3910 1196 3976 ad
1219 3910 1390 3976 tabernam

312 4007 508 4078 relerentes!
550 4012 721 4080 Charisius
750 4031 775 4078 ι.
791 4014 1000 4104 ἰῬιιιιίιιιιιιι
1028 4019 1144 4078 neutro
1170 4011 1302 4090 dicitur,
1330 4013 1390 4076 scd

313 4108 465 4176 Lucilius
474 4111 648 4179 toemiuino
659 4117 798 4182 extulit:
814 4118 948 4198 Mediae
961 4137 982 4182 a
996 4115 1150 4202 pistrina:
1166 4112 1208 4178 ad
1221 4113 1389 4178 tabernam
