3044 4896
386 331 433 376 ou
456 331 577 378 suono
592 331 770 382 ,ruosnuo
795 333 866 382 urs.
890 333 927 380 ιι.
1128 317 1192 382 171

102 467 277 549 imperialn
299 466 421 550 ducum
444 472 707 551 exequentibus3
729 479 857 548 contra,
883 473 955 536 sine
974 471 1192 558 modontqus

105 567 221 632 ordine
236 568 386 632 barbaris
400 570 581 634 ruentibus.
625 569 782 634 Ceterum
796 573 829 634 in
847 589 888 636 ea
909 591 1018 654 pugna
1031 573 1191 638 interfecti

103 668 277 752 utriusque
299 668 405 751 partis
428 669 523 732 multi
549 669 728 749 mortales3
764 675 841 734 curn
865 689 969 754 neque
991 671 1190 736 instantibus

103 767 287 846 cederetur,
307 773 340 832 st
354 769 511 852 exemplo
525 770 746 842 strenuissimi
760 770 925 853 cujusque
938 771 995 852 qni
1016 771 1116 852 juxta
1129 776 1191 834 ste·

100 871 199 942 terat,
226 870 427 952 aequiparare
453 870 590 950 gloriam
620 871 819 935 festinaret.”
862 870 1001 934 Interim
1030 869 1191 942 vulnerati

101 969 242 1050 graviter
255 989 298 1032 ex
310 969 460 1046 ducibus,
475 969 560 1033 bello
574 969 731 1034 decedere
743 971 854 1035 coacti
867 973 956 1046 sunt,
966 970 1193 1048 barbarorum,

101 1068 238 1146 AEneas,
269 1069 454 1151 Sarpedon,
484 1068 646 1147 Glaucus,
670 1069 833 1146 Helenus,
858 1070 1067 1152 Euphorbus,
1090 1069 1190 1152 Poly-

101 1164 235 1246 damas3
259 1174 456 1242 nostrorum,
467 1166 624 1250 Ulysses,
639 1167 819 1245 Meriones,
829 1169 998 1232 Eumelus.
1029 1166 1112 1251 [39]
1129 1167 1191 1231 Ge·

101 1275 207 1330 torum
240 1265 418 1330 Menelaus
451 1265 537 1326 torte
566 1266 782 1345 conspicatus
812 1265 1053 1340 Alexandrum,
1072 1285 1191 1346 magno

97 1366 231 1448 impetu
247 1365 334 1426 ruit:
356 1383 454 1445 quem
468 1365 606 1440 evitans,
627 1383 733 1445 neque
756 1363 882 1427 diutius
903 1365 1064 1427 sustinere
1089 1381 1192 1426 ausus

96 1463 309 1539 Alexander,
321 1463 431 1544 fugam
445 1464 548 1544 capit.
594 1461 642 1526 At
656 1464 714 1527 ubi
727 1465 843 1546 procul
857 1462 1084 1528 animadvertit
1100 1460 1192 1525 Hec-

98 1574 169 1654 tor,¹
190 1583 388 1650 concurrens
412 1580 488 1628 cum
509 1564 699 1648 Deiphobo,
724 1564 1021 1648 comprehendere⁰
1048 1563 1192 1640 trabem,

100 1682 246 1747 eumque
270 1664 383 1728 verbis
407 1663 684 1746 maledictisque4
717 1667 919 1730 acrioribusp
964 1664 1118 1742 insecuti,
1145 1649 1190 1728 ad

98 1772 306 1850 postremum
322 1771 457 1846 cogunt,
479 1773 518 1828 ut
533 1785 729 1848 progressus
744 1767 779 1829 in
794 1765 921 1831 medias
936 1765 1036 1838 acies,
1051 1763 1197 1844 ettndem,

99 1865 292 1930 Menelaum
318 1866 626 1948 conquiescentibus
654 1865 801 1948 reliquis,
835 1864 988 1928 solitario
1013 1863 1190 1926 certamine

98 1967 293 2031 lacesseret.
338 1965 442 2046 Igitur
454 1965 595 2040 reducto
618 1959 659 2027 ad
676 1965 798 2029 bellum
813 1962 1016 2040 Alexandro,
1039 1980 1190 2044 progres-

100 2085 206 2149 suque
237 2073 312 2132 ante
341 2067 458 2142 aciem,
484 2064 574 2147 quod
603 2064 759 2146 signumq
789 2064 982 2129 lacessentis
1003 2061 1191 2138 videbatur,
1259 2085 1261 2094 ⁴

98 2173 277 2250 postquam
292 2167 406 2250 procul
421 2165 655 2229 animadvertit
670 2165 857 2239 Menelaus,
879 2182 966 2227 nunc
978 2161 1118 2226 demum
1133 2181 1190 2224 oc·

100 2268 271 2331 casionem
285 2266 462 2331 invadendi
476 2267 739 2333 inimicissimum
752 2273 763 2307 ⁵
790 2266 855 2328 sibi
878 2264 1025 2328 maxime
1040 2261 1189 2325 oblatam

100 2375 203 2446 ratus,
227 2374 262 2431 et
288 2364 456 2450 jamque⁶
489 2365 656 2430 confidens
683 2367 830 2430 omnium
855 2365 1045 2450 injuriarum
1071 2378 1188 2444 poenas

99 2467 146 2531 lui
169 2469 326 2551 sanguine
350 2467 449 2551 ejus*
470 2468 622 2532 omnibus
639 2469 759 2532 animis
774 2467 946 2532 adversum
961 2463 1076 2547 pergit.
1119 2457 1189 2524 Sed

557 2642 735 2667 conuentu

99 2778 112 2821 5
132 2750 231 2838 Delph.
241 2773 457 2822 incubitant—tt
470 2775 562 2838 Delph.
570 2774 679 2836 ‚ium-t
696 2775 757 2822 Vox
763 2771 848 2822 mimis
859 2770 934 2819 deest
943 2768 969 2818 in
981 2766 1047 2817 Mss.
1057 2766 1191 2816 Mercercs

590 2949 697 3017 nors

99 3097 162 3134 xus.
180 3081 224 3146 qni
235 3095 268 3129 ex
280 3079 395 3130 Homero
405 3079 482 3130 docet
492 3081 624 3144 antiquum
664 3079 729 3130 τόνδ’
758 3077 851 3136 Ἕκτωρ
873 3077 991 3125 νείκεσσεν
1012 3073 1064 3122 ltbr
1085 3073 1192 3136 εἰσχρεῖε

99 3159 175 3208 Ilium
189 3156 294 3216 triginta
308 3155 398 3204 stadiis
411 3170 488 3218 snpra
504 3156 566 3204 illud
578 3156 624 3204 Ili·
665 3153 770 3206 ἐπέεσσι·
785 3151 901 3214 Δύσπαρι,
911 3147 969 3197 εῖδει
983 3147 1190 3208 tamewurd-

79 3240 141 3282 'um
157 3230 237 3280 fuisse
256 3229 327 3293 quod
344 3243 389 3277 sua
405 3237 484 3278 aetete
508 3229 626 3278 ostende·
665 3229 717 3290 uls,
729 3223 884 3288 ἠπεροπευτά.
900 3223 994 3271 ‘Hunc
1014 3221 1114 3268 Hector
1131 3233 1192 3268 cou-

99 3309 186 3358 batur.
666 3303 781 3363 spicatas
792 3295 939 3360 objurgavit
950 3293 1079 3358 probrosis
1092 3293 1192 3342 verbis:

130 3383 138 3418 ¹
149 3385 198 3433 Per
208 3377 410 3441 distributionem]
425 3377 510 3427 Prout
521 3376 568 3426 snb
579 3391 624 3426 suo
665 3375 781 3423 Sceleste
789 3372 863 3432 Peri,
872 3370 957 3419 forms
966 3369 1191 3432 praestantissime,

99 3460 194 3524 qrtique
204 3457 271 3506 duce
282 3455 385 3504 tuerent
395 3452 536 3503 distributi.
664 3449 809 3508 mulierose,
819 3444 962 3509 impostor.’

130 3543 148 3568 ¹¹¹
164 3530 293 3592 Barbarie]
310 3529 440 3594 Troianis.
696 3531 710 3565 *ι
727 3524 897 3585 Progreeaqee
908 3525 963 3570 crte
974 3520 1056 3580 adera,
1068 3520 1131 3582 quod
1140 3519 1190 3581 sig-

130 3618 143 3642 ι
159 3605 425 3668 AEqaperoegtertam
430 3602 572 3666 [estimet]
589 3602 625 3652 U·
663 3598 790 3662 sumta]
800 3597 846 3647 Ait
857 3603 944 3646 noster
956 3595 1034 3644 Parin
1046 3609 1077 3644 eo
1089 3601 1190 3643 tentum
1213 3637 1216 3642 ,

98 3697 147 3733 nus
167 3679 276 3744 qouque
295 3678 402 3728 scilicet.
433 3681 523 3728 Malim
539 3686 624 3728 temen
664 3674 785 3722 Menelao
795 3670 959 3734 significasse,
974 3682 1001 3717 se
1013 3682 1070 3718 cum
1081 3681 1113 3716 eo
1124 3669 1190 3717 velle

100 3757 266 3808 festinarent.
665 3746 799 3807 congredi,
818 3745 887 3808 qnod
907 3745 933 3792 in
950 3741 1062 3792 medinm
1073 3755 1190 3803 progres-

131 3839 144 3864 0
162 3823 374 3892 Comprehendere]
401 3825 501 3876 Hector
525 3827 626 3877 scilicet
665 3828 798 3880 susesset.
829 3821 926 3868 Verum
944 3817 1072 3864 Homerus
1091 3815 1190 3878 scribit,

102 3894 129 3955 et
139 3901 300 3967 Deiphobus.
333 3899 376 3950 De
393 3899 506 3948 Hectore
525 3906 625 3949 tentum
666 3895 937 3956 GraecosetTrojsnos
949 3891 1029 3940 foedus
1041 3888 1149 3952 sortisse,
1161 3899 1191 3943 ut

103 3985 189 4028 usust
204 3977 352 4036 Homerum
367 3988 401 4024 ex
419 3987 448 4023 se
463 3973 626 4038 Deiphobum
665 3981 725 4022 uter
744 3969 870 4029 vinceret,
888 3967 909 4017 is
930 3965 1067 4027 Helenam,
1086 3974 1114 4015 et
1133 3981 1190 4030 quse

19 4101 20 4107 ,
104 4058 190 4102 noster
202 4049 308 4100 addidit.
666 4061 723 4099 cum
735 4059 767 4094 ea
777 4044 887 4106 abrepta
897 4042 1010 4101 irrorent,
1020 4040 1157 4090 obtineret.

147 4133 161 4168 Ρ
186 4125 322 4176 Maledictis
348 4116 487 4187 subulae]
521 4122 627 4174 Homer.
699 4118 864 4182 ‘Penuslass
881 4116 1052 4168 ExHomero.
1066 4115 1190 4182 Ὦιέχόρη
