3036 4918
381 317 428 366 nu
451 315 630 368 nrsronrn
655 317 766 366 sunm
790 313 964 367 unciaru.
1165 301 1210 367 39

116 455 200 543 pag.
215 459 403 524 lon-166.
426 459 567 540 denique
582 457 674 540 apud
690 455 874 521 Gedrouum
885 458 919 519 in
936 457 1017 522 serie
1033 457 1208 524 Historias

118 563 175 625 sui
190 553 400 644 Compendii'
438 560 627 641 Sequuntur
647 557 722 621 dein
745 558 816 634 alii,
837 558 993 641 pleraque
1012 557 1125 622 itidem
1140 561 1206 624 sin-

119 661 261 740 gularia,
276 668 310 723 ot
323 661 463 723 intense
480 666 588 723 tamen
604 660 637 720 in
658 658 751 721 hisce
767 659 959 722 auctoribus
979 659 1202 738 congruentia,

116 760 227 824 veluti
246 760 287 822 de
314 765 419 824 morte
451 758 583 822 Paridi-s
616 759 722 821 trihus
754 759 945 822 vulneribus
971 777 992 820 a
1018 756 1205 822 Philocteta

115 860 292 935 vulnerati,
304 866 336 924 et
350 862 504 924 insecuta
518 859 668 921 OEuoues
683 865 800 936 morte,
816 860 857 922 de
875 858 1029 941 prodigio
1047 857 1204 935 infausto,

112 959 208 1042 quod
233 958 490 1042 Trojauisdeiu
507 959 691 1034 obvenerit,
711 959 754 1020 de
777 960 944 1040 legatione
959 958 1141 1023 Antenoris
1161 958 1204 1022 ad

113 1057 269 1135 Graecos,
284 1060 325 1122 de
351 1061 504 1141 pactione
522 1059 617 1122 'inter
642 1057 786 1144 Graecos
811 1067 846 1122 et
860 1059 1041 1143 ,Trojanos
1064 1058 1202 1140 turpiter

104 1160 269 1241 -proditos
284 1161 328 1224 ab
352 1159 526 1233 Antenore,
541 1166 574 1222 et
588 1159 747 1241 deceptos
756 1160 970 1242 jurejurando
993 1157 1201 1233 Graecorum,

45 1255 47 1260 ’
110 1260 155 1324 de
170 1261 228 1324 lite
248 1261 334 1323 inter
348 1259 503 1341 Ulyssem
520 1265 554 1321 et
564 1257 717 1340 Ajacem,
732 1279 795 1322 nou
807 1258 850 1323 de
863 1262 961 1322 armis
973 1257 1129 1334 Achillis,
1144 1258 1202 1320 sed

110 1359 156 1426 de
172 1354 343 1438 Palladio,
364 1360 506 1440 denique
523 1358 563 1420 da
578 1377 660 1421 nece
672 1358 792 1440 Ajacis
808 1367 912 1423 noctu
929 1361 962 1421 in
986 1361 1124 1422 tentorio
1139 1377 1200 1421 suo

107 1463 227 1536 occisi,
242 1480 308 1524 uon
323 1479 511 1535 suamauu,
527 1459 586 1524 sed
599 1459 677 1524 dolo
695 1460 840 1543 Ulyssis,
855 1462 911 1543 qui
926 1469 960 1523 et
975 1460 1052 1523 ideo
1067 1477 1111 1523 ex
1125 1469 1199 1522 cus·-

109 1563 178 1626 tris-
189 1561 386 1626 Graecorum
401 1562 562 1642 aufugerit
577 1562 610 1623 in
626 1561 822 1625 Thraciam:
846 1581 921 1644 quoa
944 1561 1057 1624 omnia
1079 1561 1199 1623 iterum

99 1655 240 1727 Noster
253 1664 355 1727 habet
377 1663 598 1726 lih.1v.extr.
620 1669 661 1734 et,
677 1668 749 1725 toto
773 1663 831 1724 lib.
850 1677 884 1725 v.
930 1661 1072 1724 Malelas
1087 1667 1199 1723 autem

106 1764 143 1826 iu
170 1765 319 1828 oratioue
336 1761 469 1844 Ulyssis
490 1763 532 1824 ad
555 1761 694 1826 Graecos
716 1762 757 1824 de
782 1761 934 1824 Palladio
956 1781 989 1842 p.
1006 1759 1197 1823 lara-144.

105 1870 149 1928 et·
161 1861 332 1927 Gedr'cnus
354 1863 653 1944 p.130.·131.132.
675 1861 848 1925 -Ceterum
869 1861 994 1925 indicio
1014 1861 1086 1926 hacc
1107 1865 1198 1936 sunt,

104 1963 176 2028 uisi
206 1961 305 2026 valde
328 1962 435 2036 fallor,
461 1965 656 2038 certissimo,
681 1963 889 2026 verissimum
919 1981 1003 2038 esse,
1033 1961 1119 2045 quod
1153 1955 1210 2025 ait'

105 2051 495 2144 noster-Septimiusen
518 2061 642 2126 Graeco
668 2062 848 2145 Scriptura,
876 2063 1101 2145 qui.Dictyos
1117 2061 1199 2125 Cre·

105 2164 213 2228 tensis
234 2181 353 2225 nomen
377 2161 585 2242 praeferebat,
614 2162 714 2225 hosce
738 2163 869 2226 libellos
892 2165 935 2227 ab
954 2155 993 2224 'se
1015 2181 1145 2235 versos,-
1165 2167 1198 2224 et

106 2265 170 2327 illo
187 2262 319 2345 quidem
342 2263 428 2344 ipso,
444 2263 501 2342 qui
524 2281 545 2324 a
571 2264 811 2343 posterioribus
826 2262 966 2338 Graecis
981 2273 1020 2324 a'c
1046 2260 1197 2342 inprimis

1 2381 2 2418 r
108 2361 249 2436 Malela,
263 2363 411 2442 cognitus
426 2361 487 2424 suit
499 2380 541 2424 eo
556 2363 698 2439 nomine,
709 2370 742 2427 et
757 2383 849 2445 saepe
862 2364 991 2426 citatus.

139 2477 224 2524 -xx.
246 2461 342 2525 Nam?
357 2462 446 2543 quod
463 2461 620 2526 Barthius
635 2463 877 2544 suspicabatur,
892 2463 1034 2527 Graecos
1049 2481 1102 2541 ea,
1118 2481 1195 2545 quae

106 2565 255 2646 Dictyos
278 2564 412 2626 nomine
437 2563 731 2636 citantsurnsisse
744 2581 788 2623 ex
808 2563 872 2624 hoc
895 2563 1018 2624 Latino
1038 2563 1193 2643 Septimii

105 2663 283 2748 opusculo,
311 2659 458 2720 vel'hoc
480 2660 587 2738 ipsum
613 2659 812 2738 opusculum
835 2660 870 2719 in
894 2657 1050 2722 Graecam
1075 2667 1195 2741 postea
1273 2737 1279 2748 ·

103 2757 487 2842 lingusm'convertisse,
503 2755 537 2817 id
557 2754 709 2836 prolecto
733 2756 776 2818 ab
788 2756 899 2817 ‘omni'
914 2758 983 2819 veri
1006 2759 1120 2839 specie
1142 2767 1203 2821 est

105 2857 360 2930 alienissimum,
377 2874 450 2918 cum
466 2861 578 2918 noster
589 2873 649 2918 sua
664 2875 699 2918 se
710 2856 820 2936 ipsum
833 2874 852 2918 e
866 2854 989 2921 Graeco
1005 2858 1153 2934 vertisse,
1161 2866 1194 2923 et

103 2959 266 3026 nonnulla
295 2955 410 3020 Graeci
446 2957 590 3022 auctoris
618 2959 837 3033 contraxisse,
865 2958 952 3021 ultro
981 2960 1193 3040 profiteatur-z

105 3081 184 3126 cum
201 3063 249 3122 tot
270 3059 305 3120 in
320 3075 360 3120 eo
376 3064 548 3120 occurrant
562 3057 689 3138 passim
704 3057 894 3132 Graecismi,
903 3064 940 3118 ut
963 3077 1066 3139 supra
1080 3066 1192 3124 osten·
1208 3081 1212 3086 ·

106 3161 228 3236 dimus,
241 3159 343 3222 immo
366 3166 400 3220 et
415 3157 580 3220 vocabula
595 3158 737 3238 abipso
752 3157 892 3237 primum
914 3174 958 3216 ex
975 3153 1105 3219 'Graeoo
1120 3177 1191 3220 ser-

106 3279 203 3324 mone
224 3277 384 3341 exprcssa
398 3266 431 3321 et
453 3256 605 3333 formata,
621 3257 720 3338 quale
743 3263 795 3318 est
815 3254 898 3318 illud
913 3260 931 3304 -‘
942 3255 1041 3320 Jovis
1056 3255 1192 3322 Anteae·

106 3361 258 3424 dilicialis
270 3358 278 3384 '
292 3379 339 3422 ex*
350 3357 439 3421 Jove
450 3359 587 3441 Ἐρκαίῳ,
603 3366 637 3421 et
650 3358 783 3430 similia,
798 3377 874 3439 quaa
888 3359 1076 3423 versionem
1091 3361 1192 3444 liqui·-

106 3463 149 3527 do
163 3461 355 3524 declarant:
379 3477 454 3520 cum
476 3467 588 3522 noster
612 3459 646 3521 in
668 3459 739 3522 Sex
756 3458 876 3522 Libros
897 3458 1070 3524 historiam
1093 3462 1189 3524 rede-

108 3562 201 3641 gerit,
217 3580 313 3642 quam
341 3559 484 3623 Graecus
505 3561 655 3642 scriptor
668 3579 787 3624 novem
802 3559 859 3623 vel
884 3559 999 3623 decem
1020 3560 1115 3622 libris
1129 3579 1198 3621 cn·¹

106 3666 274 3742 posucrat,
299 3667 386 3724 teste
409 3660 530 3724 Suida:
554 3681 628 3726 cum
644 3661 758 3725 Graeci
783 3678 828 3722 ex
854 3678 916 3722 suo
938 3661 1061 3740 Dictys
1082 3659 1189 3722 multa

107 3759 253 3834 afferant,
267 3779 341 3843 quoe
363 3761 537 3825 innostro
563 3781 627 3826 uon
646 3762 861 3842 reperiuntur,
888 3758 1189 3822 velutiCharacte-

107 3879 156 3924 res
180 3859 331 3937 Heroum
346 3880 355 3924 ι
378 3875 454 3924 cum
467 3861 610 3942 denique
632 3860 791 3934 Mulelas,
805 3859 864 3938 qui
878 3859 1022 3938 linguam
1037 3857 1189 3922 Latinam

107 3961 164 4022 vix
188 3959 368 4038 intellexit,
383 3968 421 4023 ut
442 3959 572 4022 abundo
592 3959 751 4040 probavit
760 3955 982 4019 Clarissimus
1002 3954 1138 4018 Hudius
1154 3957 1187 4020 iu

108 4057 366 4144 Prolegomenis,
382 4079 426 4125 ex
441 4060 564 4142 Dictys
580 4059 734 4140 pleraque
756 4055 854 4138 hujus
875 4053 1021 4118 historiae
1036 4054 1188 4122 hausisse
