3044 4896
334 305 399 370 24⁴
695 315 854 366 nrcrros
878 314 1082 364 cnnnnnsrs

338 467 440 536 esset,
455 466 550 524 extra
569 459 695 524 moenie
713 455 903 521 tolleretur:
936 471 1080 535 namquo
1104 451 1140 517 id
1161 453 1430 536 antiquissimum

337 563 465 644 mgnum
480 561 568 626 coelo
583 559 791 642 sublapsum,
805 575 873 640 qua
887 559 1081 637 tempestate
1101 553 1171 621 llus
1186 555 1353 636 templum
1368 554 1433 618 Mi·

337 676 448 724 ncrvse
463 665 647 734 exstruens,
661 675 767 741 prope
783 673 945 720 summum
968 653 1092 734 fastigii
1113 663 1335 736 pervenerat:
1368 655 1431 719 ibi·

338 778 402 842 que
417 761 501 825 inter
514 777 615 844 opera
628 777 703 824 com
718 755 881 822 necdum⁶
896 761 1045 838 tegumen
1057 753 1310 836 superpositum
1327 765 1432 834 essct,

340 859 454 924 sedem
477 859 543 924 sibi
565 857 798 942 occupavisse,
821 855 922 939 idque
946 855 1074 937 signum
1096 854 1189 935 ligno
1212 855 1432 920 fabrefactum

339 977 424 1025 esse.
468 959 687 1026 Hortantibns
712 956 787 1021 dein
813 957 933 1020 nostris
955 955 1005 1020 uti
1028 972 1143 1018 secum
1165 953 1208 1018 ed
1231 973 1271 1017 ca
1292 953 1431 1020 omnia.⁸

340 1061 526 1135 eniteretur,
542 1058 702 1123 iacturum
719 1075 756 1120 se
771 1073 847 1139 qnae
864 1060 1031 1136 cuperent,
1044 1054 1224 1137 respondit
1252 1053 1366 1138 Atque
1376 1056 1433 1120 his
1510 1079 1511 1084 ¹

339 1156 507 1243 praedicit,
526 1159 658 1242 publice
673 1179 710 1222 ec
725 1157 758 1221 in
774 1157 916 1224 consilio
932 1175 1031 1238 sopor
1048 1155 1209 1237 qualitate
1225 1175 1337 1220 eorum
1354 1176 1430 1240 quae

340 1259 543 1343 postulaturi
565 1263 677 1324 essent
698 1258 866 1322 exertius⁷
889 1254 1124 1332 disserturum}
1151 1255 1339 1320 scilicetne
1365 1275 1433 1340 qua,

342 1359 492 1442 suspicio
506 1357 560 1422 sui
575 1357 663 1441 apud
681 1357 845 1422 barbaros
864 1355 1012 1420 oriretur.
1058 1355 1110 1420 lta
1124 1355 1316 1439 composito
1333 1373 1434 1438 nego·

341 1461 398 1538 tto,
412 1478 488 1526 cum
502 1457 576 1523 lnce
591 1456 692 1522 simul
703 1455 849 1522 Antenor
858 1475 899 1520 ac
912 1453 1028 1538 reliqui
1040 1473 1193 1540 proceres
1202 1456 1244 1520 ad
1259 1455 1432 1522 Priamum

339 1558 483 1639 vadunt;
504 1556 607 1621 nostri
621 1555 665 1619 ad
680 1575 784 1620 naves
799 1556 947 1620 redeunt.
991 1554 1053 1640 [6.]
1076 1556 1162 1620 Dein
1177 1557 1235 1621 ubi
1245 1558 1341 1642 justa
1352 1577 1434 1640 pue·

342 1659 409 1724 ris‘
424 1657 515 1722 iacta
530 1663 616 1737 sant,
629 1663 707 1740 post
720 1658 807 1723 diem
825 1658 958 1722 tertium
975 1657 1089 1722 idaeus
1103 1657 1314 1742 supradictos
1326 1657 1433 1723 duces

343 1759 490 1825 accitum
503 1757 613 1824 venit:
636 1757 711 1840 quis
736 1757 955 1840 presentibus
972 1754 1150 1841 Lampus,d
1166 1743 1336 1846 ceterique
1352 1765 1434 1843 quo·

341 1877 412 1925 rom
435 1859 610 1925 consilinm
632 1859 851 1942 praevalebat,
869 1859 975 1924 multe
997 1857 1172 1936 disserere,
1186 1866 1288 1942 atque
1313 1859 1433 1924 doecre

343 1979 478 2044 eaquae
498 1965 596 2024 antea
613 1963 706 2042 gesta
724 1965 849 2036 essent,
862 1967 986 2024 temere
1002 1964 1037 2023 et
1055 1957 1268 2034 inconsulta,⁸
1282 1975 1349 2021 non
1372 1977 1434 2041 per

343 2079 393 2138 ee,
417 2059 543 2144 quippe
564 2059 634 2142 qni,
663 2059 821 2126 contemti
843 2057 1059 2144 despectique
1088 2077 1108 2122 a
1136 2058 1268 2140 regalia,
1291 2051 1433 2122 arbitrio

344 2161 452 2226 alieno
468 2169 615 2242 agerent.
660 2160 815 2225 Cetemm
831 2159 923 2244 quod
937 2177 1030 2224 erma
1043 2159 1204 2223 adversus
1224 2157 1369 2222 Graecos
1385 2166 1436 2222 tu·

342 2259 470 2340 lisseot,
484 2280 551 2325 non
566 2267 687 2343 sponte
701 2260 845 2324 iactum:
868 2260 1078 2342 namquequi
1094 2260 1163 2323 sub·
1170 2259 1312 2341 imperio
1328 2261 1435 2324 alieno

342 2368 486 2444 agerent,
504 2359 751 2441 expectandum
764 2361 828 2439 his,
851 2365 950 2444 atque
973 2361 1207 2443 exequendum
1222 2381 1298 2424 csse
1317 2353 1433 2424 nutum

342 2459 414 2542 ejus
430 2461 487 2544 qni
502 2465 633 2524 teneat-⁶
668 2458 723 2523 Ob
737 2479 815 2544 quae
830 2460 965 2542 dignum
981 2479 1054 2524 esse
1070 2457 1229 2527 Grecosf
1241 2462 1322 2526 data
1337 2462 1434 2526 venia

345 2723 466 2786 oDelph.
478 2727 626 2786 terrm—⁷
638 2722 713 2785 Volg.
724 2721 853 2772 ceneten
863 2722 1019 2772 desertarum.
1044 2720 1097 2770 Μι.
1109 2719 1224 2768 Danielis
1233 2719 1342 2768 exterius
1351 2720 1436 2770 disser-

347 2790 433 2835 terem.
470 2787 521 2836 Me.
544 2787 638 2837 Peter.
660 2785 767 2836 eraclae
785 2785 995 2836 stemma—e
1014 2785 1110 2848 Delph.
1132 2785 1319 2834 immite—9
1341 2785 1435 2846 Delptrz
1510 2855 1511 2858 Ἴ

376 3003 538 3054 'Uticensem
552 3005 582 3054 ed
600 3019 627 3055 rrr
645 3005 731 3068 amate,
744 3004 797 3068 ise]
821 3005 868 3054 Utt
938 3013 950 3040 ⁶
976 3005 1073 3067 Pueris]
1102 3005 1211 3056 Heleon
1232 3012 1260 3056 et
1282 3003 1435 3067 Alexandri,
1510 3055 1511 3060 ,

344 3095 429 3130 recum
442 3095 473 3130 ea
483 3081 566 3130 onrnla
580 3087 703 3142 tentaret,
712 3087 866 3131 conaretur:
906 3095 968 3145 quor
978 3093 1087 3132 eernerae
1100 3082 1174 3132 ruina
1184 3086 1262 3146 rapta
1272 3081 1386 3132 obtritos
1397 3096 1435 3130 re·

344 3161 372 3203 ot
395 3154 539 3206 Palladium
561 3156 673 3222 eripere,
693 3162 721 3206 et
738 3157 788 3206 alie
810 3169 867 3220 quae
906 3153 967 3206 fert
1001 3158 1003 3166 ’
1250 3172 1254 3183 ·

345 3227 495 3281 neoforenr.
861 3241 863 3256 ¹
940 3231 1081 3300 diruptae]
1110 3231 1204 3282 Nescio
1227 3244 1288 3281 aune
1307 3232 1365 3296 qnia
1385 3233 1433 3282 iste

328 3370 329 3376 1
375 3304 387 3337 ⁵
406 3305 519 3355 nemim
528 3307 693 3370 disserturum]
711 3305 824 3356 Omnino
833 3307 870 3356 lte
908 3305 987 3357 tuerit
996 3308 1192 3372 anper,cojor
1201 3307 1367 3372 prevaluisse
1375 3322 1435 3357 con·

344 3377 523 3438 scribendam
539 3393 597 3428 narn
612 3380 679 3442 qnod
691 3380 766 3442 volgo
778 3380 869 3428 edeba·
908 3381 991 3430 ailiam
1003 3381 1074 3432 dicit.

344 3456 396 3512 tar,
406 3452 563 3500 'exercitum
573 3451 752 3513 desertrrrurn,'
763 3468 867 3517 prorrne
939 3462 950 3488 ⁰
968 3456 1017 3511 Qut
1028 3457 1116 3520 tenent]
1132 3457 1155 3504 1.
1166 3456 1210 3521 qui
1220 3456 1379 3506 dominetur:
1391 3456 1433 3520 qni

343 3525 480 3576 strandum
491 3532 546 3576 eet:
566 3541 613 3576 nec
629 3527 718 3576 melina
730 3528 755 3575 in
768 3528 867 3578 Danie-
908 3527 1042 3593 imperium
1054 3530 1156 3582 hebeat.

343 3602 375 3651 lia
387 3601 462 3664 libro,
472 3602 481 3630 ‘
492 3600 603 3650 exterior
613 3600 798 3657 disserturum?
832 3604 867 3653 Ar
938 3603 949 3635 f
962 3605 1071 3666 Dignam
1087 3619 1136 3656 erre
1152 3605 1260 3669 Groeeor]
1285 3605 1433 3669 Dupliciter

342 3677 368 3725 in
379 3675 548 3741 Petreiano,‘
555 3677 671 3726 exercine
680 3675 872 3730 disserturum?
906 3681 955 3730 hoc
964 3690 1050 3745 potest
1062 3682 1179 3745 intelligi,
1188 3683 1209 3730 ai
1221 3682 1302 3742 dicar,
1313 3682 1433 3746 ‘dignam

344 3755 380 3804 At
393 3756 469 3817 paulo
485 3762 545 3820 poet
560 3755 655 3805 diserte
674 3757 789 3806 Danielis
803 3757 867 3807 liber
906 3757 1036 3821 negotium
1048 3771 1104 3806 erre
1115 3756 1221 3806 Graecos
1230 3755 1366 3803 consulere
1378 3755 1434 3819 eie:

342 3829 429 3884 habet.
447 3830 521 3894 ‘qne
534 3829 655 3880 adrerum
667 3845 711 3881 eos
724 3845 770 3894 pro
782 3831 867 3894 patrie
906 3832 954 3883 dre.
996 3833 1058 3894 Vel,
1087 3833 1205 3894 ‘dignnm
1224 3843 1279 3878 esre
1302 3828 1436 3892 aracos:

342 3902 645 3955 exercuerincruinetss
678 3905 866 3969 ‘Exerte’pro
905 3921 952 3972 pro
969 3906 1105 3958 ‘Gracia’
1135 3901 1278 3968 ‘Dignam’
1298 3902 1370 3958 enlm
1391 3919 1431 3954 nc·

342 3973 474 4030 audacter,
491 3977 659 4039 confidenter,
678 3993 736 4028 cnm
756 3981 864 4030 alterca-
904 3984 1021 4033 cosatleo
1031 3982 1157 4046 jungitur,
1170 3977 1354 4028 subintellecta
1366 3979 1431 4028 scili-

344 4048 430 4105 rione3
454 4050 583 4111 elegantia
601 4053 657 4113 ejus
677 4056 773 4104 rurali.
798 4055 864 4106 Mer·
903 4063 946 4107 cet
963 4056 1153 4122 praepositione,
1168 4053 1245 4118 ‘per'
1263 4052 1306 4102 rel
1323 4053 1428 4103 ‘secan

340 4137 387 4174 etr·
903 4132 982 4182 dnm.'
1343 4147 1346 4154 “
1422 4140 1425 4152 '
