3036 4918
395 315 449 360 nn·
466 315 645 362 nrsronnt
670 315 781 364 unum
805 310 992 366 ransart(
1182 304 1226 368 27

128 471 222 529 sum,
239 451 464 534 quaudusuos
480 452 702 518 characteres
718 473 737 516 e
755 453 878 535 Dictye
894 473 930 518 se
945 457 1106 520 sumsisse
1119 455 1226 522 dicit?

129 550 184 624 At
197 570 280 616 raro
294 571 356 616 nou
371 553 426 616 ille
441 561 582 629 tantum,
598 553 657 616 sed
674 559 707 618 et
731 553 874 619 Malelas
896 573 943 618 ex
968 557 1090 638 Dictys
1113 577 1148 620 se
1169 577 1227 622 eos

131 654 310 735 repetiisse
321 653 424 717 tradit
438 655 513 717 134.
587 675 593 685 “
670 685 672 694 ⁴
1213 675 1217 684 ’

132 785 138 792 -
179 770 218 816 x.
241 753 361 836 Neque
376 754 495 816 mirum
512 753 612 828 adeo,
634 753 669 816 in
688 753 815 818 Nostro
830 753 897 816 uon
912 753 1048 836 reperiri
1063 771 1133 829 eos,
1148 774 1224 820 curu

131 853 319 935 Septimius
334 853 460 916 diserte
475 858 614 916 testetur
628 871 664 915 se
688 851 812 934 Dictyn
828 851 983 916 Graecum
1006 853 1228 928 contraxisse,

129 958 167 1015 et
180 954 253 1036 ejus
269 955 453 1035 posteriora
469 953 722 1034 certe,qnatuor
742 954 794 1016 vel
810 955 970 1035 quinque,
987 953 1160 1016 uolumina
1175 953 1229 1015 ‘in

129 1073 234 1116 unum
263 1053 455 1134 redegisse!
500 1053 650 1116 Priorum
673 1052 806 1135 quidem
828 1055 893 1119 ait.
910 1058 965 1116 ‘se
996 1053 1136 1116 eundem
1161 1071 1228 1116 ser-

129 1171 230 1216 vasso
238 1152 429 1231 nnmerum,'
445 1152 507 1216 sed
523 1173 595 1216 curn
612 1152 744 1218 delectu
760 1153 972 1229 hauddubie,
983 1162 1017 1218 et
1028 1153 1129 1216 solita
1143 1152 1229 1216 Ver-

130 1255 263 1334 sionum
280 1253 390 1316 istius·
405 1254 568 1336 temporis
584 1255 749 1328 libertate,
764 1263 801 1318 ut
824 1255 935 1318 velex
950 1253 1078 1318 Rufino
1090 1254 1229 1337 Josepbi

129 1353 309 1435 interprete
323 1361 467 1430 constat,
481 1362 584 1436 atque
600 1356 686 1418 adeo
700 1356 761 1432 ita,
776 1365 814 1420 ut
835 1357 868 1418 in
890 1356 933 1419 iis
956 1355 1123 1437 prioribus
1145 1373 1229 1436 quo·
1253 1339 1258 1348 ’

128 1473 196 1534 que
211 1455 481 1535 praetermitteret
492 1449 669 1536 quaedam,
685 1458 735 1520 vel
750 1459 872 1538 quibus
889 1475 1005 1538 parum
1023 1457 1098 1537 ipse
1116 1455 1229 1520 delec-

128 1554 278 1631 tabatur,
293 1554 349 1620 rel
370 1575 448 1637 quae
471 1555 514 1618 ad
537 1564 764 1637 argumentum
787 1559 968 1622 ornandum
995 1563 1052 1622 aut
1065 1557 1229 1622 instruen-

126 1653 336 1718 domminus
361 1657 521 1720 censebat
545 1659 744 1734 necessaria.
789 1659 878 1722 Nam
905 1657 994 1739 quud
1021 1655 1174 1730 affirmat,
1188 1675 1226 1718 se

126 1757 203 1828 ‘ea,
219 1755 270 1816 uti
282 1762 386 1830 erant,
397 1755 517 1819 Latine
528 1757 751 1836 disseruisse,'
767 1759 802 1821 id
818 1779 898 1822 vero
908 1777 981 1820 curn
993 1756 1025 1817 in
1040 1755 1229 1818 universum

129 1853 176 1915 de
200 1849 275 1916 toto
292 1854 424 1918 dicatur
439 1860 616 1937 opusculo,
632 1859 729 1940 cujus
751 1865 858 1923 tamen
881 1855 1047 1938 posterior
1059 1871 1138 1935 pars
1159 1871 1230 1917 cer-

128 1953 264 2016 tissime
286 1954 504 2036 expluribus
533 1957 762 2020 voluminibus
784 1959 820 2020 in
845 1975 948 2019 unum
972 1964 1024 2018 est
1047 1959 1229 2030 contracta,

127 2053 380 2134 intelligendum
397 2073 475 2134 ergo
496 2055 555 2131 ita,
577 2063 616 2118 ut
638 2075 703 2119 non
726 2063 855 2120 tantum
877 2055 958 2118 nibil
981 2073 1089 2117 rerum
1105 2052 1146 2118 de
1162 2073 1226 2115 suo

130 2155 316 2237 scripserit,
332 2162 393 2218 aut
409 2155 547 2219 aliunde
571 2155 742 2238 adjecerit,
764 2157 823 2218 sed
847 2174 957 2237 neque
975 2155 1152 2236 quicquam
1168 2153 1230 2214 im-

130 2255 308 2319 mutaverit
322 2257 435 2326 exiis,
450 2274 525 2338 quae
544 2255 686 2320 Graecus
702 2257 760 2320 ille
785 2257 905 2339 Dictys
928 2255 1095 2318 memoriae
1118 2252 1230 2334 prodi-

132 2349 239 2418 derat.
284 2354 381 2420 Certe
395 2357 479 2420 enim
494 2357 648 2421 omisisse
668 2377 745 2422 eum
755 2359 928 2431 nonnulla,
945 2362 1003 2420 aut
1019 2353 1154 2418 breuius
1170 2373 1228 2416 ex·
1314 2382 1317 2386 ·

132 2455 313 2536 posuisse,
324 2459 424 2520 etiam
447 2457 482 2520 in
497 2459 677 2539 prioribus,
692 2459 900 2522 manifestum
916 2476 961 2519 ex
981 2474 1033 2530 eo,
1047 2453 1137 2536 quod
1155 2453 1227 2536 ple·

131 2573 236 2636 raquo
256 2556 372 2618 eadem
386 2557 500 2636 plane,
516 2557 576 2617 sad
598 2557 759 2620 nonnulla
781 2559 963 2630 concisius,
982 2555 1156 2632 complura
1178 2560 1229 2616 ta·

131 2662 208 2718 men
229 2655 328 2732 longe
352 2652 498 2726 uberius,
512 2651 684 2727 edisserat,
699 2673 801 2732 quam
824 2654 980 2723 Malelas,
1008 2652 1067 2730 qui
1082 2650 1229 2712 vicissim

132 2755 312 2834 plerasque
327 2751 495 2813 orationes
508 2749 651 2831 Dictyos
662 2750 886 2831 praetermisit,
901 2755 936 2812 ut
950 2749 1083 2811 alienos
1097 2746 1231 2811 aCbro·
1324 2787 1330 2798 ·

134 2850 335 2932 nograpbia.

178 2965 234 3013 xi.
257 2951 356 3013 Prius
378 2949 474 3026 illud,
489 2955 526 3013 nt
548 2957 676 3034 pateat,
689 2951 818 3034 liquido
843 2952 1046 3016 declaratum
1070 2949 1159 3015 dabo
1183 2969 1229 3015 ex

135 3071 200 3116 uno
216 3050 362 3133 Dictyos
376 3051 466 3126 loco,
480 3058 514 3114 et
528 3052 576 3116 ita
590 3051 690 3114 simul
708 3053 893 3115 Historiam
908 3053 982 3133 eJus
1002 3051 1079 3125 loci,
1095 3053 1229 3116 concise

135 3159 169 3216 et
181 3152 260 3216 ideo
276 3151 431 3233 ambigue
454 3151 551 3214 nimis
567 3153 732 3226 traditam,
747 3152 932 3215 illustrabo.
975 3148 1093 3212 Ret'ert
1109 3150 1229 3233 Dictys

134 3253 190 3324 lib.
207 3270 230 3314 1.
254 3269 330 3332 cap.
345 3251 378 3314 3.
398 3279 400 3284 ·
423 3252 535 3327 Parin,
559 3272 632 3316 cnm
657 3251 792 3316 Helena
808 3252 998 3333 fugientem,
1022 3249 1228 3313 ‘abstulisse

137 3353 235 3416 etiam
260 3351 410 3414 AEthram
441 3357 476 3415 et
504 3351 708 3435 Clymenam,
729 3353 876 3417 Menelai
901 3350 1041 3427 affines,’
1061 3349 1143 3435 (boc
1165 3357 1231 3426 est,

136 3457 311 3534 cognatas,
324 3448 503 3534 myrrea,
514 3459 551 3514 nt
570 3453 617 3516 ait
636 3453 805 3531 Malelas,)
829 3457 930 3534 ‘quau
951 3451 994 3514 ob
1009 3450 1230 3514 necessitudi-

138 3569 215 3614 nem
236 3571 311 3616 cnm
325 3551 461 3616 Helena
483 3551 642 3634 agebant?
687 3553 775 3617 Dein
803 3573 881 3634 cap.
896 3553 928 3614 4.
951 3549 1060 3626 ‘Quis
1084 3549 1228 3628 cognitis

139 3649 330 3743 Menelaus,
357 3653 430 3716 etsi·
449 3654 628 3718 abstractio
661 3655 813 3736 conjugis
842 3653 987 3716 animum
1012 3652 1228 3731 permoverat,

74 3825 79 3832 „
137 3752 241 3816 multo
254 3753 397 3834 amplius
411 3759 522 3818 tamen
541 3755 586 3816 ob
598 3753 752 3835 injuriam
769 3752 926 3825 affinium,
942 3765 1028 3830 quas
1043 3765 1143 3827 supra
1158 3765 1229 3809 me·

136 3853 354 3929 moravimus,
384 3853 676 3917 consumebatur!
719 3853 803 3916 Cum
832 3853 866 3913 in
891 3847 1119 3929 superioribus
1148 3845 1230 3911 nibil

128 3954 180 4018 'tle
192 3954 285 4018 bisce
301 3952 494 4018 ‘affinibus’
512 3958 678 4028 occurrat,
692 3953 756 4014 nisi
766 3947 854 4032 qnod
867 3967 941 4012 cum
956 3944 1090 4008 Helena
1104 3945 1229 4012 ablatae

95 4072 102 4078 ·
142 4073 277 4137 quoqne
292 4055 368 4131 sint,
383 4073 526 4136 cumque
539 4053 630 4117 nullu
652 4052 719 4116 illae
744 4049 866 4115 amoris
882 4047 992 4112 studio
1014 4053 1073 4110 aut
1094 4046 1229 4130 impetu,
