3044 4896
363 313 412 366 nr
436 315 557 368 annno
581 319 754 371 uaesano
778 319 850 371 nra.
874 319 913 371 ιι.
1119 307 1186 374 tra

92 457 232 527 contorti
246 455 328 522 inter
342 474 393 534 se,
407 461 506 539 atque
517 455 659 540 inperia
673 463 848 538 senentes
860 460 1091 526 euntohriarn.
1113 461 1183 530 Sed

91 560 217 645 Ajaoes
227 557 293 622 dno
307 557 342 622 in
353 557 562 641 aliquantum
574 557 673 624 aoie⁶
687 560 865 642 progressi,
874 561 995 643 primos
1007 561 1176 630 Thracum

43 698 47 707 ι
89 661 249 726 invadunt
263 662 364 741 atque
379 660 581 743 opprimunt.
612 660 703 726 Dein
716 661 837 745 reliqui
853 662 970 741 duces,
984 665 1175 748 utquisque

89 763 199 827 Ιοοιιιιι
213 766 358 844 ceperat,
373 760 502 828 caedere
516 761 668 844 singulos
680 782 690 842 3
705 767 739 826 et
753 762 810 826 uhi
826 762 989 828 conferti⁷
1003 771 1177 842 steterant·

29 891 32 902 ·
89 863 162 934 bini
173 867 234 926 aut
246 863 389 945 amplius
400 864 743 948 congregati,impetu
758 877 822 929 suc
836 865 1021 930 dissolvere
1031 885 1040 928 ε
1052 883 1093 930 ac
1103 881 1182 930 mox

89 963 262 1046 dispersos
283 963 501 1046 palantesque
527 963 719 1042 interlicere,
742 985 880 1048 prorsus
901 967 951 1032 uli
975 966 1087 1030 nullus
1106 965 1181 1029 reli·-

89 1071 174 1146 quu's
186 1062 294 1130 caedis
308 1063 410 1128 lieret.
439 1062 494 1128 llo
510 1065 625 1128 statim
636 1063 745 1142 Graii,
761 1067 988 1150 extinctisqui
1002 1064 1178 1132 adversam

89 1165 203 1242 ierant,
218 1164 316 1246 signo
331 1161 413 1228 dato
436 1164 479 1228 ad
501 1164 646 1227 tentoria
672 1182 787 1227 eorum
807 1173 957 1246 pergunt.
1001 1165 1050 1229 At
1061 1167 1110 1230 illi
1125 1165 1184 1247 qui
1272 1251 1275 1256 Ι

89 1263 248 1330 custodes
269 1262 393 1326 castris
417 1260 528 1323 relicti
554 1260 619 1322 soli
643 1261 865 1341 supereraut,i
880 1263 1093 1326 risiscontra
1106 1266 1186 1328 hos

86 1365 193 1440 tibus,
207 1372 330 1426 terrore
343 1361 420 1441 ipso
433 1357 661 1422 miserandum
682 1359 716 1422 in
741 1359 879 1424 modum
893 1360 1098 1440 effoeminati,
1114 1381 1187 1426 om·

86 1465 191 1530 uibus
205 1461 365 1525 amissisa
383 1459 428 1524 ad
451 1459 577 1524 moenia
598 1457 801 1540 confugiunt.
844 1459 932 1524 Turn
949 1461 1096 1544 undique
1111 1479 1183 1526 ver-'-
1255 1459 1260 1470 '

88 1581 146 1630 sus
160 1563 269 1627 nostri
284 1561 452 1638 irruentes,
464 1577 569 1636 arma,
583 1577 700 1642 equos,
715 1561 824 1642 regias
840 1579 936 1646 opes,
947 1569 983 1626 et
994 1562 1180 1648 adposite·

88 1683 177 1732 muns
189 1661 241 1726 uti
251 1660 399 1744 quidque
414 1679 490 1726 sors
505 1659 654 1738 dederat,
663 1662 873 1743 praeripiunt
901 1661 980 1745 [ta]
995 1663 1074 1730 Hoc
1080 1666 1180 1732 modo

87 1767 233 1830 victores
254 1761 351 1827 Graii
375 1761 496 1826 deletis
519 1780 597 1826 cum
620 1761 822 1845 imperatore
844 1763 1046 1842 Threcibus,
1070 1771 1181 1832 onusti

86 1863 205 1947 praeda
218 1867 319 1947 atque
332 1863 498 1934 uictoria,r
519 1861 560 1926 ad
576 1879 678 1928 naves
692 1862 936 1946 digrediuntur:
956 1881 1032 1930 cum
1051 1865 1181 1930 interim

86 1963 226 2048 Trojani
238 1983 281 2028 ex
295 1964 397 2028 muris
410 1969 636 2047 respectantes
651 1963 874 2048 nequicquam
888 1983 951 2048 pro
964 1965 1078 2045 sociis,
1090 1968 1176 2034 intra

88 2066 215 2132 moenia
230 2072 363 2130 tamen³
383 2063 599 2148 trepidarent.
643 2063 751 2146 Igitur
764 2065 905 2144 barbari,
919 2071 972 2130 tot
981 2066 1052 2150 jam
1065 2067 1181 2134 adver·

91 2169 137 2232 sis
158 2167 262 2232 rebus
280 2165 391 2242 tracti,
412 2165 546 2248 legatos
569 2163 719 2230 inducias
743 2167 950 2250 postulantes
972 2167 1015 2231 ad
1038 2167 1179 2234 Groeoos

87 2263 234 2332 mittunt.
279 2265 333 2331 Ac
356 2285 440 2330 mox
466 2267 589 2332 nostris
605 2266 828 2332 conditionem
847 2268 1120 2351 approbantibus,
1134 2269 1183 2334 in·

88 2366 249 2450 terposito
277 2366 442 2430 sacrificio
472 2364 573 2430 fidem
598 2368 694 2448 pacti
723 2367 906 2434 firmavere.
960 2367 1089 2434 Eodem
1114 2369 1183 2436 fere

89 2473 237 2550 tempore
265 2465 423 2550 Chryses,
454 2486 556 2550 quem
587 2468 796 2534 sacerdotem
829 2469 985 2534 Sminthii
1015 2469 1184 2554 Apollinis

88 2585 193 2648 supra
216 2567 492 2643 memoravimus,
518 2567 562 2630 ad
593 2570 783 2642 exercitum
811 2569 904 2634 venit
928 2575 1037 2632 ectum
1062 2573 1184 2650 gratias

89 2684 192 2749 super
203 2665 266 2738 his,
281 2684 360 2747 quoe
382 2665 418 2726 in
445 2683 484 2728 se
507 2673 644 2746 recepta
657 2665 729 2731 filia
742 2666 880 2747 benigne
896 2665 1078 2730 abnostris
1094 2674 1185 2746 gesta

87 2771 203 2829 erant:
225 2767 269 2828 oh
285 2781 363 2845 quae
378 2769 450 2828 tam
464 2763 677 2841 honorilice,⁴¹
701 2764 799 2827 simul
812 2763 903 2845 quod
920 2761 1124 2846 Astynomen
1145 2767 1184 2830 li·

85 2859 251 2944 heraliter
264 2863 435 2928 habitam²
457 2869 669 2947 cognoverat,
690 2861 860 2928 reductam
880 2881 992 2938 secum
1008 2860 1184 2947 Agamem·

89 2963 170 3034 noni
194 2963 306 3033 tradit.
351 2964 473 3048 Neque
494 2965 600 3030 multo
622 2971 706 3051 post
726 2963 926 3044 Philocteta,
950 2983 1026 3030 cum
1048 2965 1100 3030 his
1125 2970 1182 3050 qui

551 3157 729 3182 novumn

17 3307 18 3356 ἦ
90 3289 146 3334 arte
154 3283 258 3347 posttea
266 3281 388 3332 cioimeru
396 3297 407 3340 ,·
416 3283 510 3333 omirsr
519 3281 667 3341 roculaiom
675 3287 736 3330 ante
743 3245 896 3356 uespera-fi
906 3276 1043 3329 Omittitur
1053 3278 1079 3327 in
1088 3276 1185 3342 Delph.

17 3363 18 3366 ¹
91 3363 141 3409 roa
158 3347 209 3400 acic
227 3355 289 3399 anta
306 3347 484 3410 progressi—t
502 3346 641 3396 Omittitor
670 3343 1184 3412 noquecoasmrantertetermtsttmox

17 3411 18 3414 ’
89 3411 458 3477 prorrupostirrterfioere.-8
475 3360 802 3476 Delpharperynerarrtel
815 3408 911 3476 Delph.
922 3407 1055 3474 mnr'jico.

583 3549 697 3636 norrow

123 3676 270 3727 comnibus
281 3677 384 3741 masas]
399 3680 569 3733 Prorelictis.
689 3667 1183 3744 ¹1stromoestaraaer11tiqulcquam
1250 3697 1253 3704 ⁴

123 3761 136 3787 ¹
152 3752 242 3802 Orraoti
256 3752 340 3814 procla
350 3757 419 3814 atqua
428 3755 539 3816 mnodo]
562 3756 619 3805 ‘0-
660 3767 708 3818 pro
719 3753 1010 3816 socllrrrepldarenr,et
1019 3754 1134 3816 quamvis
1145 3769 1183 3803 es·

95 3839 185 3880 custus
195 3826 299 3892 prada'
309 3828 442 3890 eleganter
451 3829 561 3891 dicitur3
573 3829 620 3880 sed
660 3833 718 3877 sent
730 3827 798 3876 intra
809 3828 909 3875 munia.

93 3908 217 3957 ‘onustus
227 3902 351 3954 victoria'
363 3900 406 3953 virt
417 3899 480 3954 ferri
491 3919 565 3968 posse
576 3905 622 3970 pul
691 3903 700 3936 ²
715 3901 858 3952 ittonam
866 3899 983 3965 histum]
1003 3900 1041 3950 Ut
1051 3899 1182 3954 llheralern

95 3989 134 4037 to,
150 3988 177 4038 et
195 3979 287 4030 vitiose
305 3978 404 4029 dietum
416 3978 538 4029 arbitror.
570 3978 622 4030 Sed
661 3975 798 4041 nympham
821 3975 950 4038 decebat3
974 3990 1024 4026 non
1046 3981 1132 4028 autem
1154 3983 1184 4030 ut

95 4053 217 4104 dehodo
233 4054 328 4120 queodi
344 4064 439 4117 genere
455 4051 622 4106 inradictum
661 4065 769 4103 serron.
1140 4052 1143 4060 '

98 4137 237 4194 estsupra.
665 4136 670 4144 ‘
810 4139 815 4152 ·
