3052 4900
326 303 392 372 820
699 316 861 368 usaurru
885 315 1040 366 aaaron

327 462 429 525 noctu
457 458 557 542 legati
585 455 729 522 vadunt:
761 456 906 548 occurrit
925 455 993 520 illis
1006 503 1009 510 .
1022 453 1153 519 Dolou¹
1175 472 1221 518 ex
1244 452 1408 539 Troianis·

326 557 489 637 Quicum
504 559 790 640 interrogarentur,
806 555 888 640 qnid
899 554 946 620 itu
956 555 1071 618 armati
1082 559 1182 617 noctu
1196 554 1238 617 ad
1251 556 1412 637 oppidum

327 659 516 737 venisseut3
536 656 691 722 dixerum
712 673 749 719 ee
775 653 818 718 ab
841 651 1089 736 Agamemnone
1108 639 1240 734 locatos
1256 654 1301 716 n'd
1317 654 1411 718 Pria-

327 775 418 822 mum
439 757 573 822 missos.
616 755 713 833 Quos
734 759 772 818 ut
789 751 943 818 Priamus
958 753 1089 817 audivit
1103 753 1248 829 venisse,
1269 759 1304 819 et
1327 755 1417 819 desi-¹
1462 788 1474 818 ·,

328 857 453 923 derium
467 874 563 922 suum
575 855 788 938 exposuisse,
800 853 834 916 in
849 853 1025 916 consilium
1040 871 1156 916 omnes
1171 851 1276 917 duces
1289 873 1414 918 convo-
1456 873 1460 884 ·
1498 840 1502 864 ⁴

327 965 393 1024 cat.
436 955 568 1036 Quibus
596 957 694 1022 refert
718 955 845 1034 legatos
871 953 1002 1018 venisse
1031 955 1075 1017 ab
1094 951 1357 1034 ¹Agamemnone,
1379 959 1412 1018 et

327 1055 477 1122 induciae
495 1056 538 1121 ad
552 1057 725 1120 triennium
740 1061 867 1136 petere..¹
911 1054 1052 1118 Hectori
1066 1061 1256 1138 suspectum
1269 1053 1410 1130 videtur,

326 1156 420 1239 quod
444 1163 512 1222 tam
533 1156 667 1238 longum
688 1161 821 1237 tempus
843 1153 1081 1237 postulassent
1127 1154 1280 1218 Priamus
1301 1155 1410 1218 dicere
1474 1219 1480 1232 ,

326 1258 475 1340 imperat,
491 1255 572 1340 quid
597 1257 719 1340 cuique
741 1254 909 1320 videatur:
931 1254 1084 1319 omnibns
1102 1254 1264 1337 placitum
1284 1259 1346 1330 est,
1360 1254 1411 1317 in-

328 1357 445 1422 duciae
460 1359 494 1422 in
506 1358 681 1422 triennium
695 1357 781 1420 dnri.
807 1355 947 1421 Interim
961 1354 1099 1437 'lrojaui
1111 1356 1231 1420 moeniu
1241 1360 1412 1432 renovant,

329 1475 409 1522 anos
423 1458 558 1522 eaucioe
582 1465 713 1532 curant,
735 1475 810 1520 cum
832 1456 960 1536 ingenti
975 1457 1099 1520 honore
1111 1474 1192 1520 euos
1206 1455 1349 1538 quisque
1363 1453 1413 1516 fu·
1438 1473 1454 1490 ··

328 1561 432 1622 uerat.
475 1555 560 1638 [23]
580 1545 731 1638 Tempus
755 1575 875 1638 pugnae
906 1557 1098 1638 supervenit
1121 1554 1413 1638 post-triennium.

329 1655 459 1720 Hector
473 1661 507 1720 et
519 1655 653 1720 Troilus
668 1657 853 1720 exercitum
868 1655 1015 1720 educunt
1027 1676 1103 1720 cum
1118 1656 1234 1719 AEneu.
1285 1656 1413 1718 Contra

330 1755 569 1838 Agamemnon,
592 1755 779 1834 Menelaon,
801 1754 961 1850 Achilles,
981 1763 1015 1822 et
1033 1757 1211 1821 Diomedes
1227 1751 1412 1818 occurrunt.

331 1857 389 1922 Fit
402 1875 521 1939 magua
536 1857 656 1922 caedue.
701 1857 831 1922 Hector
852 1858 887 1920 in
908 1857 1015 1940 prima
1037 1858 1110 1922 acie
1126 1856 1228 1920 duces
1242 1856 1414 1920 validissi-

330 1976 404 2022 mus
419 1957 584 2034 interficit,
606 1955 821 2041 Phidippum,
840 1955 1047 2039 Antiplrum,y
1067 1962 1101 2020 et
1116 1955 1323 2019 lderionem.z
1365 1954 1415 2018 Α-

330 2056 447 2121 clrillee
476 2056 693 2139 Lycaonem·
721 2055 1021 2140 Euphorbnmquel’
1049 2057 1186 2121 occidit.
1229 2047 1284 2119 Eri
1305 2061 1415 2131 cetera

330 2157 430 2240 plebe
443 2156 546 2222 multa
557 2157 662 2222 millia
671 2157 840 2222 hominum
853 2176 898 2222 ex
911 2164 1049 2240 utruque
1064 2165 1159 2240 parte
1171 2156 1316 2221 cadunt:
1332 2175 1416 2238 pug-

331 2265 432 2322 natur
455 2257 574 2322 aeriter
594 2257 759 2322 continuis
780 2257 899 2321 diebus
921 2259 1065 2339 triginta.
1108 2258 1265 2320 Priamus
1280 2263 1319 2320 ut
1333 2256 1416 2320 vidit

330 2357 438 2420 multu
464 2357 568 2420 millia
595 2357 767 2420 hominurn
790 2355 831 2420 de
856 2375 918 2420 suo
943 2359 1090 2421 exercitu
1113 2357 1291 2432 cecidisse,
1316 2355 1417 2419 mittit

331 2455 459 2534 legatos
473 2456 517 2518 ad
530 2455 833 2536 Agamemnonem,e
855 2463 894 2519 ut
917 2455 1068 2519 inducias
1084 2461 1233 2537 peterent
1247 2455 1416 2518 mensibus

332 2573 404 2620 aex.
448 2553 493 2616 Et
511 2573 555 2617 ex
569 2554 703 2617 consilii
720 2545 889 2618 sententie
906 2553 1135 2635 Agamemnon
1158 2555 1310 2618 concedit
1321 2553 1417 2617 indu-

332 2657 415 2722 cias.
457 2653 607 2736 Tempus
630 2671 748 2736 puguae
773 2654 987 2736 superuenit:
1017 2654 1136 2718 acriter
1158 2674 1219 2737 per
1242 2655 1417 2719 duodecim

823 2864 930 2916 NOTAE

356 2979 369 3004 ¹
388 2971 854 3036 UlytresetDionedesaactsteguta'ea·
926 2974 1159 3042 *Euphorbum
1184 2976 1235 3028 sed
1251 2991 1309 3027 eum
1322 2980 1420 3031 Home·

333 3049 408 3096 dant:
424 3047 583 3097 occurritittls
596 3047 687 3112 Dolon]
713 3049 854 3102 Historiam
894 3065 964 3101 rura
979 3053 1099 3102 Menelao
1116 3051 1278 3103 interfectum
1294 3055 1369 3112 dicit,
1386 3057 1418 3106 Il.

333 3120 434 3183 Ulyssla
445 3127 473 3170 et
482 3121 615 3172 Diomedis
626 3123 666 3173 lrlc
676 3123 795 3174 immutat
804 3126 854 3174 Da·
895 3135 920 3178 Ρ.
939 3129 1009 3178 circa
1026 3128 1138 3178 cadaver
1153 3129 1276 3180 Patrocli·
1299 3128 1380 3192 Τόφρα
1394 3129 1422 3182 δέ

334 3210 384 3246 ret.
418 3196 462 3245 Illi
478 3198 545 3247 enim
556 3199 855 3262 noctuadTrojanorum
895 3201 1419 3268 rorMerlnsos,dptrioe'drpioruits,llnrpt·

333 3279 420 3322 eastra
441 3273 616 3334 speculatores
635 3273 704 3323 arisai
730 3275 856 3325 Dolonem
895 3289 947 3342 sup
955 3273 1059 3341 πἐριβὸς,
1068 3279 1151 3340 rm»
1164 3279 1207 3328 sir
1216 3278 1314 3342 Ιμπον
1324 3279 1420 3342 ἔπεφνε,

334 3354 502 3408 exceperunt,
517 3346 562 3409 qui
578 3361 595 3395 a
609 3347 724 3411 Trojsnls
742 3351 857 3412 specula·
896 3354 1027 3413 nancitor
1043 3355 1173 3418 Εὔφορβον.
1192 3355 1316 3404 ‘iuterim
1335 3361 1420 3404 nutem

334 3427 376 3469 tor
401 3418 478 3468 etim
502 3419 661 3472 mittebatur.
695 3421 761 3470 Viti!
787 3423 857 3486 *llud
897 3431 1030 3480 Menelaus
1046 3430 1179 3480 bellicosus
1193 3429 1267 3478 Atrei
1282 3429 1420 3492 filius,l³u·

335 3495 441 3558 Dictyu.
896 3504 1005 3556 troclum
1022 3503 1353 3565 defenderunrtojsnorum
1368 3502 1421 3552 t'or·

365 3567 545 3631 tl’liidippss'r,
566 3568 709 3634 Austptm]
734 3571 786 3620 Eos
803 3571 857 3622 llo·
895 3576 1422 3642 tissimumoccidit,l²sutlroidenEuplror·

334 3640 832 3696 merusinterfectost'uisseuontradit.
897 3648 975 3699 bum!
1424 3676 1428 3696 ι

365 3727 376 3751 ¹
393 3720 427 3770 Et
439 3717 581 3782 Merionen]
596 3717 649 3767 Sed
661 3719 716 3783 jam
733 3733 821 3783 snpra,
830 3735 858 3784 p.
928 3732 939 3758 ⁰
955 3725 1037 3775 Mittit
1055 3725 1145 3785 legatae
1159 3725 1191 3773 ud
1208 3723 1419 3790 Agamemnonem]

335 3793 394 3841 tlt.
405 3794 413 3821 ‘
423 3792 523 3842 Hector
540 3793 683 3844 Merionen
695 3795 859 3858 persequitur
898 3799 976 3856 Nota,
987 3799 1172 3862 ineptissimum
1187 3801 1254 3848 hunc
1267 3801 1422 3864 scriptorem

336 3871 364 3914 et
373 3866 488 3916 oceidit!
897 3875 934 3925 lta
953 3875 1123 3924 narrationem
1138 3887 1210 3924 suem
1225 3873 1377 3939 instituisse,
1392 3881 1423 3924 ut

367 3944 379 3968 ¹
394 3938 499 3988 Achilla
510 3941 651 4005 totunm]
676 3942 720 3992 lta
731 3943 857 3994 Humerus
898 3950 1004 4000 timeor
1019 3955 1047 3998 et
1065 3947 1189 4010 Trojenoa
1206 3964 1255 4014 per
1269 3949 1421 4000 rieeaindn·

335 4007 415 4132 aba.
449 4016 552 4076 Lycaon
570 4026 656 4070 antem
674 4019 770 4071 Priami
790 4020 857 4072 filius
896 4023 948 4075 uiae
960 4029 1078 4086 petentes
1087 4022 1201 4073 inducor.
1247 4061 1249 4066 .
1373 4043 1376 4048 ·
