3036 4918
320 308 365 378 8⁴
584 323 659 372 rac.
683 321 874 376 rantzouu
901 323 1148 376 orssanrsrro

320 464 380 532 aed
405 470 454 530 tot
472 465 568 532 simul
594 466 705 531 ubivis
727 467 838 532 obviae
861 465 950 548 apud
977 465 1187 548 Septimium,
1211 471 1399 546 argumento

320 565 402 630 mihi
416 572 494 630 suot
508 564 551 629 ad
566 565 601 628 id
616 567 835 648 probandum,
856 567 944 651 quod
963 565 1131 632 affirmavi.
1174 565 1243 629 Sed
1264 572 1297 631 et
1311 565 1401 648 quod

320 669 355 732 in
384 667 494 748 lingua
516 665 640 732 Latina
664 667 709 732 ad
738 667 870 740 solitam
894 664 1025 730 Graecae
1055 665 1188 746 phrasin
1216 665 1401 742 formatum,

319 768 408 851 apud
423 783 522 832 unum
545 771 727 842 auctorem,
742 765 798 848 qui
813 764 936 831 Graeca
957 772 1032 830 ante
1047 765 1162 830 oculos
1175 764 1301 842 habuit,
1316 783 1401 846 prue-

318 869 416 950 cipue
430 873 464 930 et
478 865 605 947 saepius
617 864 799 930 adhibitum
809 863 977 946 reperitur,
991 863 1094 930 nihilo
1105 866 1214 930 minus
1225 883 1286 946 pro
1305 863 1401 932 Θυνο-
1507 944 1512 962 1

317 969 425 1036 eismo
438 965 553 1034 haberi
567 964 677 1042 debet,
691 965 774 1030 licet
784 965 874 1048 apud
888 963 987 1030 alium
1001 984 1135 1049 quoque
1152 984 1253 1030 uuum
1268 971 1303 1030 et
1317 965 1400 1030 alte-
1513 1042 1515 1053 Ι

316 1086 387 1132 rum
413 1067 534 1144 forsan,
557 1073 592 1130 et
614 1067 718 1130 rarius
747 1063 891 1149 quidem,
919 1063 1194 1147 deprehendatur,
1217 1083 1319 1148 quam
1341 1085 1399 1148 pro

318 1167 520 1236 Hebraisme
535 1165 697 1248 accipitur
711 1167 745 1228 in
764 1179 859 1230 cxx.
882 1163 1124 1245 Interpretihus
1142 1173 1177 1228 et
1187 1163 1396 1248 Apostolicis
1516 1221 1517 1226 ,

317 1267 560 1354 scriptis,quod
576 1267 664 1350 apud
677 1267 752 1332 illos
763 1267 876 1332 crebro
887 1283 931 1329 ex
945 1283 1009 1328 usu
1023 1271 1056 1328 et
1068 1265 1161 1348 genio
1177 1265 1317 1333 Hebruei
1332 1284 1398 1330 ser·

315 1372 422 1440 monis
444 1368 574 1433 Graecis
596 1367 705 1430 verbis
728 1372 780 1430 est
803 1382 1007 1446 expressum,
1022 1363 1102 1428 licet
1123 1365 1240 1428 similis
1262 1363 1396 1441 locutio,

194 1491 198 1502 ·
315 1469 374 1534 sed
388 1469 501 1545 rarius,
516 1467 551 1529 in
573 1465 651 1530 aliis
666 1483 798 1549 quoqne
813 1463 944 1540 Grecis
966 1463 1182 1546 scriptoribus
1204 1465 1397 1548 investigari

313 1569 449 1638 tandem
464 1574 523 1635 aut
533 1565 666 1632 ostendi
681 1572 790 1648 queat.

324 1733 329 1744 ,
356 1685 452 1734 xvu.
477 1667 600 1732 Verum
613 1665 724 1729 versio
738 1667 882 1734 hmcsuo
892 1685 929 1730 se
941 1665 1066 1732 indicio
1082 1667 1205 1730 elarius
1219 1672 1254 1730 et
1273 1667 1395 1730 certius

311 1770 480 1855 proderet,
502 1769 532 1832 si
551 1766 605 1831 vel
621 1765 761 1830 Graecus
787 1772 974 1848 superesset
997 1767 1133 1849 Dictys,
1163 1767 1219 1831 vel
1239 1765 1394 1843 Mulelas,

310 1872 371 1952 qui
393 1889 437 1934 ex
454 1889 495 1932 eo
510 1867 691 1932 Historiam
712 1864 892 1947 'frojanam
905 1865 1048 1930 insuam
1063 1867 1175 1930 retulit
1190 1865 1394 1948 Chrenogra·

310 1971 434 2053 phiam,
448 1967 578 2030 fidelius
600 1985 676 2029 aum
691 1964 937 2048 descripsisset,
951 1985 1011 2031 uec
1031 1967 1201 2033 maluisset
1215 1968 1394 2050 interpola·

310 2077 390 2147 tam,
412 2070 675 2142 etoontraotam,
695 2066 830 2148 suisque
853 2067 974 2145 verbis,
1003 2068 1097 2132 illam
1120 2068 1276 2133 exhihere
1297 2068 1393 2132 nobis
1516 2139 1517 2146 q

311 2170 510 2236 Historiam.
553 2166 596 2232 Et
619 2174 731 2230 tamen
755 2167 806 2231 vel
835 2169 886 2232 sic
910 2169 1085 2234 manifesta
1108 2171 1192 2232 satis
1215 2169 1393 2251 reperimus

308 2271 449 2350 vestigia
465 2269 728 2332 concurrentium
742 2267 841 2331 simul
858 2267 1006 2343 Malelee,
1023 2274 1057 2330 et
1071 2269 1128 2349 qui
1144 2287 1219 2331 eum
1229 2269 1393 2351 sequitur,

308 2368 461 2443 Gedreni,
478 2367 645 2430 aenostri
669 2365 831 2446 Septimii,
854 2369 886 2431 in
912 2368 1054 2442 eundem
1076 2368 1196 2432 sontem
1218 2375 1252 2432 et
1266 2367 1393 2434 Aucto-

240 2465 245 2474 ’
307 2488 389 2533 rem.
433 2465 547 2533 Veluti
562 2465 691 2548 quando
710 2463 827 2549 Dictys
841 2472 955 2530 noster
970 2485 1030 2528 seu
1045 2465 1239 2545 Septimius,
1254 2467 1303 2528 ait
1317 2484 1345 2529 1.
1359 2468 1392 2532 9.

308 2569 470 2645 Helenam
504 2573 666 2648 rogatam,
699 2569 812 2646 ‘quaa
847 2564 1008 2647 cujusque
1033 2563 1142 2640 esset,'
1168 2563 1393 2644 respondisse,

307 2667 512 2736 ‘Alexandri
526 2687 563 2730 se
577 2665 719 2743 affinem,
733 2666 905 2748 magisque
918 2665 960 2730 ed
973 2664 1140 2730 Priamum
1151 2671 1186 2728 et
1200 2662 1391 2744 Hecubam,

306 2790 406 2853 quam
421 2769 464 2829 ad
480 2769 660 2828 Plisthenis
683 2767 770 2828 filios
788 2787 905 2844 genere
918 2767 1101 2844 pertinere:
1124 2765 1280 2828 Danaum
1303 2767 1390 2840 euim

306 2876 406 2946 atque
427 2862 612 2940 Agenorem
633 2867 668 2920 et
692 2861 742 2922 sui
768 2867 803 2920 et
827 2861 949 2920 Priami
973 2865 1101 2938 generis
1125 2869 1280 2926 auctores
1303 2884 1389 2930 esse.

307 2963 463 3042 Namque
484 2976 527 3020 ex
549 2955 705 3026 Hesiona
728 2953 838 3017 Danai
862 2955 931 3017 lilia
952 2964 986 3018 et
1000 2957 1136 3021 Atlante
1153 2958 1314 3042 Electram
1328 2983 1388 3030 na·
1512 2953 1513 2976 ἶ

305 3070 386 3138 tam,
400 3077 499 3144 quam
513 3076 560 3120 ex
573 3055 662 3120 Jove
680 3054 850 3137 gandam
867 3054 1059 3118 Dardanum
1074 3059 1236 3138 genuisse,
1253 3081 1298 3124 ex
1320 3083 1387 3145 quo
1511 3045 1512 3083 ³

304 3164 400 3236 Tros,
427 3163 459 3221 et
485 3157 647 3237 deinceps
670 3156 813 3220 insecuti
839 3174 936 3237 reges
959 3155 1037 3219 llii.'
1081 3156 1298 3226 Conferamus
1313 3163 1385 3244 jam
1443 3163 1447 3173 '
1510 3181 1511 3188 ¹

303 3279 379 3326 cum
393 3258 498 3332 hisce,
514 3259 546 3318 in
562 3257 681 3336 quihus
691 3257 795 3320 multa
804 3262 878 3322 sunt
891 3257 1080 3338 singularia,
1090 3261 1269 3342 quaeapud
1283 3263 1385 3344 alium
1509 3275 1510 3295 ¹

303 3376 370 3420 non
383 3361 506 3428 temere
521 3354 862 3437 reperias‚=Malelam,
888 3356 945 3438 qui
963 3375 1000 3418 se
1028 3356 1150 3439 Dietyu
1165 3358 1199 3423 in
1221 3358 1274 3423 his
1287 3365 1385 3445 sequi
1508 3349 1509 3400 l

303 3454 483 3539 profitetur.
526 3451 627 3534 Apud
642 3473 717 3516 euru
732 3471 809 3534 ergo
831 3454 997 3535 pag-120.
1041 3455 1172 3522 Helena
1192 3458 1307 3522 itidem
1329 3481 1384 3524 ro·
1507 3479 1508 3507 ι

303 3564 392 3636 gata,
406 3551 448 3624 τίς
463 3549 513 3630 εἴη,
534 3550 550 3626 ἢ
572 3549 650 3614 river
672 3549 814 3636 ἀπόγονος,
828 3553 1013 3636 respondet,
1036 3553 1215 3640 Ἀλεξάνδρου
1237 3537 1293 3638 sipi
1310 3543 1383 3642 συγ-
1439 3541 1442 3546 ¹
1506 3607 1507 3614 ι

298 3661 392 3740 γειής,
418 3653 467 3730 uui
494 3659 606 3731 μᾶλλον
629 3652 773 3735 προσήκειν
797 3653 929 3739 Πριάμῳ,
956 3652 1005 3716 καὶ
1020 3660 1052 3738 τῇ
1074 3654 1195 3740 Ἑκάβῃ,
1218 3659 1266 3719 καὶ
1290 3661 1319 3720 οὐ
1339 3667 1381 3743 τῷ
1505 3711 1506 3721 ,

303 3755 495 3827 nasturtium,
507 3759 556 3836 vigi
575 3752 727 3838 Μννολάῳ.Ι
761 3760 873 3826 Δαναοῦ
885 3757 944 3838 γάρ
960 3753 1007 3837 ἔφη
1023 3755 1072 3818 καὶ
1093 3755 1239 3841 Ἀγήνορος
1260 3765 1313 3831 τῶν
1329 3764 1381 3826 zi-
1504 3807 1505 3814 ,

298 3857 396 3930 dorius
411 3856 459 3918 nui
472 3857 502 3916 ἐκ
517 3851 611 3939 γένους
620 3859 667 3916 τοῦ
679 3855 819 3942 Πριάμου,
832 3857 915 3937 (lege
931 3855 997 3918 εἶναι
1011 3858 1042 3919 ἐκ
1057 3855 1151 3940 γένους
1163 3858 1209 3920 τὸν
1224 3858 1380 3944 Hylaeum)
1503 3913 1504 3933 2

246 3987 248 3999 ι
301 3958 348 4016 καὶ
364 3961 447 4034 αὐτὴν
461 3954 597 4042 ὑπάρχειν
617 3957 648 4016 tn
666 3954 821 4040 τοῦγένους
843 3962 939 4020 αὐτοῦ.
997 3957 1053 4020 Ἐκ
1068 3957 1230 4042 nequiciam
1251 3964 1309 4043 γὰρ
1330 3964 1378 4032 τῆς

298 4060 411 4118 Auraei
425 4055 559 4140 θυγατρδς
578 4055 699 4138 ἐγεννήθη
714 4060 727 4117 ὁ
744 4056 853 4134 ”Arias
870 4059 917 4121 sul
932 4056 1119 4144 ήἮλειιτρο,
1143 4059 1172 4135 ἒξ
1186 4057 1216 4134 ής
1238 4060 1378 4146 baideis·
1501 4133 1502 4146 γ
