3044 4896
312 287 377 358 tls
661 295 822 350 urentes
846 291 1053 344 cnsruusrs

312 447 346 514 in
366 444 467 510 ulium
491 439 625 508 modum
651 437 813 504 formatis.
856 435 1033 500 scutorum
1053 433 1152 500 enon
1167 438 1214 498 ct
1237 432 1402 514 galearum

312 545 506 614 multiformi
520 541 647 625 specie,
656 537 849 604 horrendam
863 535 943 602 belli
957 533 1077 598 taciem
1092 534 1317 616 prebuerant.
1359 531 1404 601 dt

311 646 371 712 ubi
385 643 456 712 triti
469 641 600 725 aliquot
613 638 699 714 dies,
714 645 750 702 et
760 635 854 702 miles
868 633 996 701 bellum
1007 635 1113 716 cupit,
1126 633 1225 698 simul
1240 653 1318 700 curu
1331 635 1405 700 luce

311 745 482 812 exercitus
496 741 605 806 omnis
620 741 716 822 signo
731 737 813 802 dato
837 737 871 800 iu
895 734 1046 819 praelium
1070 733 1216 812 ducitur,
1239 737 1403 820 cumqae⁸
1520 745 1521 806 ἕ

311 847 366 912 his
379 843 530 928 Troiani,
550 849 586 906 et
606 841 664 923 qui
686 841 773 906 iutra
796 838 919 904 moenia
933 835 1021 902 sccii
1035 835 1179 900 suerunt.
1223 835 1273 900 At
1287 844 1404 902 contra

311 945 425 1014 Groeci
440 943 591 1010 instructi
604 960 665 1024 pro
680 945 830 1022 tempore
844 936 1001 1020 opperiri,
1017 935 1182 1001 debilitati
1194 936 1405 1018 aliquantum

312 1049 468 1123 animos:
489 1049 578 1110 metu
592 1043 736 1124 ingentis
751 1047 853 1124 atque
876 1039 1036 1120 incogniti
1057 1035 1177 1102 husb‘s.
1219 1037 1323 1118 Igitur
1344 1039 1403 1104 ubi

311 1151 398 1214 iutra
414 1146 474 1212 teli
491 1144 620 1229 jactum
635 1149 767 1208 rentum
783 1149 848 1219 est,
869 1145 938 1206 tum
954 1157 1035 1206 reru
1049 1138 1182 1204 barbari
1195 1137 1340 1204 clamore
1352 1139 1404 1204 ina

311 1249 454 1331 gentico
470 1245 619 1322 dissono,
641 1245 744 1310 ruinae
767 1243 803 1308 iu
825 1239 961 1306 modum
980 1240 1186 1321 irrumpunt:
1208 1238 1310 1304 nostri
1325 1259 1405 1316 conf

311 1349 432 1416 firmati
455 1349 538 1412 inter
560 1365 610 1422 se,
632 1345 718 1410 ratis
740 1341 881 1426 impigre
902 1339 970 1404 rim
991 1338 1136 1406 hortium
1157 1345 1406 1406 sustentavero.

313 1449 380 1516 Sed
404 1453 584 1532 postquam
599 1445 689 1509 ecies
704 1450 873 1508 renoratm
887 1447 989 1524 utque
1001 1442 1037 1508 in
1051 1441 1200 1506 ordinem
1215 1439 1405 1506 reformate

311 1556 399 1626 suut,
421 1554 455 1612 ct
464 1546 537 1628 jaci
551 1545 629 1610 binc
646 1550 747 1627 atque
761 1543 837 1608 inde
851 1541 918 1606 tela
933 1559 1081 1624 coepere,
1097 1541 1219 1608 cadunt
1232 1542 1405 1624 utriusqus

311 1648 480 1714 exercitus
503 1644 657 1730 plurimi:
679 1661 787 1728 neque
810 1641 886 1708 finis
908 1639 959 1718 tit,
984 1641 1097 1724 quoad
1121 1639 1283 1705 Memnon
1308 1655 1404 1712 curru

311 1755 443 1824 rectus,
467 1744 617 1810 adhibito
638 1761 751 1808 secum
766 1741 946 1808 fortissimo
961 1759 1104 1825 quoque,
1125 1741 1253 1806 medios
1267 1740 1405 1808 Gracc-

311 1867 382 1914 rum
397 1845 538 1922 insedit,
560 1845 702 1928 primum
716 1861 884 1929 quemque
899 1843 1036 1908 ebriam
1051 1841 1206 1920 tundens,
1227 1848 1288 1908 aut
1313 1843 1407 1910 debi-

311 1950 421 2016 litans.
466 1945 602 2029 ltajam
617 1945 790 2030 plurimis⁹
808 1951 990 2011 ncsborum
1005 1943 1196 2019 interiectis,
1212 1944 1328 2022 duces,
1344 1948 1404 2010 ubl

310 2049 444 2114 iurmnu
456 2047 537 2114 belli
551 2066 658 2126 versa,
678 2067 787 2131 neque
801 2065 879 2130 spes
892 2045 1019 2130 reliqua
1033 2045 1099 2110 nisi
1114 2045 1148 2110 in
1163 2044 1240 2127 tuga
1256 2053 1319 2123 est,
1335 2048 1404 2112 vic·
1519 2079 1520 2084 κ

310 2149 430 2214 tarium
447 2167 652 2214 concessere.
696 2149 748 2214 Eo
764 2147 817 2214 die
832 2149 974 2214 incensae
991 2165 1095 2212 naves
1110 2145 1317 2230 deletaeqne¹
1334 2167 1404 2212 om·

311 2269 372 2316 nes
386 2252 504 2330 forent,
515 2252 550 2316 ni
565 2271 635 2316 nox
649 2250 833 2334 perfugium
847 2249 1071 2316 laborantium
1088 2251 1279 2330 ingruentes
1293 2249 1405 2314 hostes

312 2352 355 2414 ab
377 2353 525 2436 incoeptu
541 2353 772 2418 cohibuisset:
793 2358 888 2416 tanta
908 2353 942 2415 in
967 2351 1143 2414 Memnone
1167 2349 1317 2414 bellandi
1339 2352 1402 2429 viS,

311 2451 507 2532 peritiaque,
519 2459 553 2516 et
567 2451 689 2515 nostris
705 2450 855 2516 adversm
870 2459 952 2515 res.l
984 2449 1046 2536 [6.]
1055 2450 1159 2533 [gitur
1170 2449 1296 2528 Graeci,
1311 2459 1403 2534 pest-

311 2571 409 2634 quam
425 2554 554 2636 requies
570 2559 632 2628 cst,
654 2551 799 2636 perculsi
816 2551 903 2616 iuter
918 2571 967 2628 se,
988 2571 1029 2616 ac
1044 2571 1181 2616 summae
1197 2571 1305 2616 rerum
1320 2554 1403 2618 diffi-

310 2653 437 2732 dentes,
461 2673 519 2738 per
533 2654 721 2718 universam
736 2659 870 2718 noctem
885 2673 971 2736 quos
987 2654 1019 2716 in
1034 2652 1125 2718 bello
1141 2653 1330 2731 amiserant,
1351 2675 1402 2718 sc-

312 2755 445 2837 peliere.
490 2753 578 2818 Dein
593 2754 768 2818 consilium
782 2752 884 2818 futuri
901 2755 1089 2818 certaminis
1103 2753 1278 2818 adversum
1296 2755 1404 2822 Mem-

310 2871 429 2916 nonem
453 2855 584 2918 ineuut:
606 2873 647 2916 ac
671 2855 781 2936 placet
802 2861 891 2919 sorte
906 2856 982 2938 eligi
998 2847 1248 2920 uomendum*
1270 2875 1344 2920 cum
1361 2876 1402 2921 eo

310 2949 475 3016 bellaturi.
503 2951 599 3014 Tunc
610 2951 837 3032 Agamemnon
853 2953 1049 3020 Menelaum
1062 2956 1217 3038 excipit,a
1231 2955 1400 3040 Ulyssem,

311 3052 528 3118 idomeneum
538 3059 567 3117 :²
582 3052 780 3136 reliquorum
795 3071 869 3117 sors
883 3053 937 3135 agi
953 3060 1079 3138 coepta,
1094 3054 1231 3140 Ajacem
1246 3056 1401 3136 Telamo·

311 3347 389 3398 habet
399 3347 494 3407 Delplr.
504 3347 617 3396 aliia-8
635 3347 773 3398 Omittitur
784 3350 810 3399 iu
822 3350 919 3412 Delph.
932 3350 1022 3398 rocula
1038 3364 1081 3412 que
1093 3357 1150 3412 post
1161 3366 1213 3400 eum
1224 3358 1251 3402 et
1263 3366 1322 3402 mcx
1332 3359 1401 3418 utque

310 3416 369 3474 post
378 3413 554 3457 renccctoe.-9
571 3409 666 3474 Delph.
676 3413 819 3472 primm-1
838 3413 933 3477 Delpb.
945 3415 1082 3476 delectaque
1093 3419 1222 3466 nucea-2
1240 3417 1334 3482 Delpb.
1347 3419 1400 3468 Ido-

799 3569 905 3620 NOTAE

341 3660 607 3723 “Debilitctt'cnirnct]
627 3660 834 3726 subintelligitur
874 3664 946 3714 Idcrn
959 3665 1100 3716 cedrenus.
1133 3667 1183 3715 Sed
1199 3669 1291 3717 extrue
1304 3684 1402 3720 ucrtrn.

191 3747 202 3760 ·
310 3738 458 3802 prepositio
475 3735 554 3799 ‘per’
572 3736 612 3786 vei
628 3734 697 3786 rard.
906 3729 1401 3804 sepenominatus-mimme-

340 3821 350 3854 t
369 3813 402 3862 Et
412 3812 500 3862 nemum
509 3811 667 3874 mensuret]
694 3813 833 3877 Scripsisse
873 3816 1177 3876 netnisortemrxtrarit;
1189 3817 1285 3878 Ulysrir
1295 3817 1402 3869 idone·

309 3887 564 3948 debuitllictyr,‘ct
576 3889 668 3936 uostris
679 3890 834 3940 tamudrer·
872 3905 945 3953 neus,
963 3893 1117 3956 reliquarum
1135 3893 1186 3940 ulti.
1218 3888 1269 3938 Sed
1286 3889 1400 3954 Ajacem

309 3973 344 4006 se
366 3959 425 4008 res!
466 3959 498 4008 ld
521 3963 590 4018 enim
613 3963 744 4014 scribendi
765 3967 832 4034 ratio
873 3979 928 4014 sorr
945 3965 1053 4029 delegit,
1071 3967 1167 4031 quippe
1185 3977 1243 4028 quau
1262 3966 1357 4018 ultima
1372 3971 1400 4019 in

309 4033 410 4082 clamat.
873 4041 1064 4102 guleurertitit.
1096 4043 1131 4092 Et
1141 4043 1179 4092 itu
1189 4040 1313 4091 biclocus
1323 4043 1401 4098 intel·

341 4111 352 4136 ¹
368 4103 404 4154 Ac
421 4105 496 4166 illam
513 4112 576 4158 tutte
594 4109 653 4168 eligi
663 4115 832 4178 semron]
871 4117 987 4182 ligeudus
998 4124 1048 4170 cet.
