3036 4918
311 307 355 374 48
570 317 650 368 tre.
675 311 865 366 rrarrosrr
892 307 1139 362 nrssrnrrrro

313 460 506 542 etcopiose
528 418 771 523 confutarimus
792 455 826 520 iu
841 453 1079 538 superioribus.
1124 451 1177 516 De
1199 449 1260 516 illo
1286 457 1399 516 autem

313 559 469 642 Prologo,
486 577 587 642 quem
601 558 705 621 solnm
721 557 756 620 in
780 555 851 620 suis
866 555 915 620 ait
936 553 1071 637 reperiri
1085 549 1187 618 Meris
1202 549 1400 628 codicibus,

312 661 429 724 lubens
443 659 559 722 iverim
576 659 609 720 in
624 655 822 720 sarmatiam
838 653 1036 736 amplissimi
1044 649 1217 742 Qbreclrti,
1232 651 1293 732 qui
1306 651 1400 715 illum

315 758 433 825 Graece
448 759 598 840 primitus
613 755 786 836 scriptum,
801 761 837 816 et
854 750 977 816 Graeco
992 751 1107 834 Dictyi
1124 749 1335 833 promissum
1350 749 1403 814 tu-

314 861 383 924 isse
401 859 589 922 arbitratur.
633 856 687 918 lta
698 871 777 918 vero
791 859 826 918 et
843 851 900 916 ille
918 871 962 916 ex
977 851 1099 918 Graeco
1114 849 1230 914 debuit
1251 867 1404 914 sermone

314 960 348 1024 iu
361 959 513 1024 Latinum
523 975 598 1020 esse
609 953 877 1031 translatusneu
892 961 1002 1018 umen
1016 970 1037 1017 a
1051 951 1228 1035 Septimio,
1240 950 1366 1034 quippe
1381 969 1405 1012 a

315 1079 382 1145 quo
397 1059 430 1122 iu
444 1055 643 1140 quibusdam
659 1053 694 1117 iu
709 1053 841 1118 diversa
854 1053 937 1132 abit,
951 1059 986 1118 at
1001 1051 1236 1135 cujusidcirco
1250 1057 1404 1134 tempore
1507 1093 1510 1104 2

315 1158 459 1226 nondum
472 1157 623 1220 extitisse
639 1153 783 1232 videtur,
797 1159 887 1218 certe
902 1170 968 1217 non
988 1154 1022 1218 in
1036 1153 1192 1218 omnibus
1205 1152 1406 1234 exemplari·

316 1262 392 1336 bus,
407 1275 516 1340 neque
532 1254 616 1321 adeo
631 1255 735 1334 iniis,
751 1272 827 1339 quae
843 1254 877 1318 iu
892 1253 1045 1338 Septimii
1059 1271 1176 1318 manus
1190 1252 1405 1316 devenerant.

318 1359 416 1424 Patet
434 1355 512 1420 inde
537 1373 638 1436 quam
658 1354 746 1419 mule
766 1354 867 1436 igitur
887 1373 963 1417 eum
987 1351 1057 1418 Leo
1070 1351 1219 1418 Allatins
1236 1371 1299 1436 pro
1314 1351 1406 1416 illius

318 1475 453 1538 quoque
468 1454 594 1538 prologi
610 1459 747 1518 auctore
760 1452 899 1529 babeat,
923 1457 957 1516 et
980 1451 1057 1516 ideo
1072 1453 1139 1516 sibi
1152 1451 1287 1516 incaute
1308 1453 1407 1516 nimis

319 1556 497 1632 adversari,
513 1557 547 1618 iu
570 1555 715 1636 Prologo
730 1553 805 1618 soil.
817 1559 852 1618 et
872 1552 1039 1636 Epistola,
1051 1557 1155 1636 putet,
1170 1553 1212 1616 de
1235 1552 1312 1616 Pat.
1329 1551 1405 1616 Ho-

318 1655 401 1722 meri
415 1655 467 1720 59.
500 1655 573 1738 Ego
586 1673 662 1719 vero
678 1655 858 1736 Prologum
873 1653 961 1717 hune
970 1654 1013 1718 ab
1023 1654 1137 1737 ignoto
1151 1653 1248 1718 nobis
1262 1653 1409 1730 homine,

320 1766 355 1823 et
379 1759 506 1822 incerto
532 1761 678 1838 tempore
706 1761 742 1818 ut
761 1754 937 1818 formatum
959 1755 1077 1837 primo,
1098 1755 1147 1819 ita
1168 1753 1244 1818 dein
1272 1755 1315 1818 ab
1336 1753 1410 1819 alio

319 1847 419 1924 otiar'u
435 1875 567 1920 remum
583 1856 703 1920 Latine
724 1853 929 1932 crediderim,
950 1857 1030 1939 quia
1052 1855 1148 1938 plura
1169 1853 1213 1918 ad
1235 1853 1411 1920 historiam

320 1957 448 2020 inventi
463 1956 582 2038 Operis
596 1957 795 2038 pertinentia
809 1957 1012 2034 continebat,
1024 1975 1124 2039 quam
1148 1955 1300 2039 Septimii
1316 1956 1412 2020 illius

321 2056 484 2140 Epistola.
528 2055 617 2133 Qua
635 2063 672 2119 et
692 2075 798 2120 causa
821 2057 934 2121 forsan
947 2057 1021 2133 luit,
1036 2075 1139 2140 quare
1160 2056 1196 2118 in
1209 2054 1413 2138 quibusdam

321 2158 420 2225 codd.
436 2175 501 2220 nou
510 2157 703 2238 reperiatur,
717 2157 751 2220 in
760 2157 835 2220 aliis
850 2176 930 2221 roro
945 2157 1060 2237 ejectae
1075 2155 1229 2238 Septimii
1244 2152 1414 2238 Epistulae

323 2261 368 2322 sit
387 2257 599 2320 substitutus.
758 2321 764 2330 ,

366 2355 482 2416 xxxi.
506 2351 660 2412 Ceterum
682 2349 851 2429 Iuterpres
871 2350 941 2426 ille,
956 2352 1108 2434 quisquis
1129 2354 1204 2429 fuit,
1220 2371 1416 2422 accommo-

322 2451 421 2514 dasse
436 2456 546 2512 tamen
566 2464 643 2510 eum
661 2446 790 2511 videtur
804 2448 848 2511 ad
864 2447 1015 2512 Latinam
1028 2453 1112 2512 banc
1129 2449 1268 2530 Dictyos
1282 2457 1418 2520 versio·

323 2571 412 2628 nom,
426 2546 589 2630 siquidem
611 2555 782 2612 auctorem
806 2549 917 2631 ipsum
938 2549 972 2612 ia
997 2568 1058 2612 sex
1080 2554 1207 2613 tautum
1228 2550 1417 2632 volumina,

322 2657 407 2736 quot
427 2655 502 2716 sunt
522 2648 621 2733 hujus
643 2649 816 2725 versionis,
845 2649 1018 2714 historiam
1040 2649 1223 2731 digessisse
1251 2650 1311 2727 ait,
1336 2651 1417 2718 cum

324 2753 467 2818 Graccus
491 2750 614 2831 Dictys
630 2751 724 2814 illius
748 2749 900 2816 Praxeos
915 2751 949 2813 iu
972 2767 1094 2815 novem
1113 2749 1211 2814 suerit
1226 2750 1277 2814 vel
1292 2750 1415 2816 decem

325 2850 493 2915 volumina
506 2847 649 2919 divisus,
662 2854 699 2908 ut
712 2861 757 2910 ox
772 2847 924 2927 Septimii
941 2849 1093 2931 Epistola
1108 2857 1143 2913 et
1155 2851 1259 2914 Suida
1269 2859 1416 2917 constat.
1509 2831 1510 2914 i

324 2946 394 3010 Sed
409 2951 443 3006 et
460 2943 582 3006 erravit
604 2951 723 3006 auctor
746 2942 838 3008 illius
853 2945 988 3027 Prologi
1009 2948 1043 3009 iu
1064 2968 1117 3025 eo,
1134 2949 1223 3030 quod
1251 2947 1297 3014 ait
1321 2951 1416 3034 ‘jus-

327 3041 436 3109 sisse'
459 3041 638 3108 Neronem,
654 3044 711 3106 ‘iu
733 3041 890 3109 Graecum
922 3063 1105 3111 sermonem
1134 3047 1198 3112 ista
1220 3049 1416 3127 transferri:
1509 3043 1510 3048 ’

327 3143 513 3228 (1υωίῆὶἱο
537 3144 682 3207 fuissent
713 3164 862 3208 sermone
887 3147 1092 3229 conscripta.
1136 3145 1277 3212 Rectius
1301 3149 1414 3232 Septi-

326 3246 417 3310 mius
441 3243 654 3306 ‘Orationem
681 3245 785 3309 fuisse
809 3245 1413 3323 Graeam’affirmat,‘1iteris’tan-
1493 3238 1494 3241 '

327 3351 397 3408 tum
420 3341 582 3404 ‘Punicis
595 3343 837 3425 conscriptam,’
852 3345 942 3426 qnod
963 3347 1075 3427 ipsum
1095 3349 1209 3430 utique
1225 3347 1299 3431 ipse
1312 3349 1419 3412 etiam'

329 3447 448 3511 auctor
469 3440 577 3521 operis
599 3460 668 3523 prae
684 3445 722 3506 se
736 3443 801 3506 fert
827 3444 887 3506 lib.
902 3461 936 3510 v,
953 3465 1029 3529 cap.
1045 3449 1098 3512 17.
1143 3445 1198 3510 Au
1212 3465 1289 3530 orgo
1304 3447 1413 3512 voluit

330 3543 504 3622 Prologus,
518 3539 599 3620 qnia
619 3541 730 3604 forsan
747 3543 901 3606 obsoleto
927 3550 960 3607 et
981 3541 1123 3612 barbaro
1145 3546 1249 3610 ferme
1262 3567 1410 3611 sermone

328 3641 470 3708 historia
480 3639 554 3704 haec
577 3641 729 3706 consulto
743 3641 807 3706 fuit
825 3661 846 3706 a
861 3642 1006 3708 Proxide
1026 3646 1227 3728 composita,
1242 3647 1412 3712 redactam

295 3808 303 3830 ⁸
328 3763 403 3808 eam
414 3742 515 3825 jussu
538 3739 692 3818 Neronis,
707 3743 849 3807 sublatis
861 3743 930 3807 illis
944 3745 1101 3811 obsoletis
1121 3754 1157 3809 et
1170 3747 1362 3828 peregrinis,
1377 3749 1413 3811 in

329 3845 470 3907 nitorem
484 3841 607 3923 lingum
621 3846 698 3906 tuuc
708 3843 878 3920 usitatum,
889 3862 987 3927 aeque
1000 3865 1040 3910 ac
1050 3847 1187 3910 Punicae
1200 3846 1306 3910 literae
1321 3864 1414 3910 com·

330 3947 466 4006 mamito
488 3948 563 4006 snut
576 3939 721 4008 Atticis‘i
765 3943 808 4008 Id
833 3963 931 4026 paene
954 3947 1176 4023 credidissem,
1193 3949 1269 4029 quia
1284 3951 1412 4010 cetero-

331 4042 411 4121 qnin
430 4043 486 4106 ille
511 4043 675 4125 Prologus
702 4044 821 4110 diserte
844 4047 944 4110 nimis
969 4049 1096 4112 auctori
1118 4067 1180 4111 suo
1202 4048 1411 4124 adversatur,
