3044 4896
317 328 382 398 ero
669 332 828 386 nrorroe
851 325 1058 382 onerantis
1084 341 1089 354 ,
1130 325 1133 332 ’

318 487 373 554 lue
388 485 421 550 in
437 487 528 548 tanta
541 480 680 547 civitate
694 475 828 560 reperiri
853 471 974 558 possit,
990 471 1046 554 qui
1072 471 1236 534 fortunam
1263 467 1410 532 labantis

318 587 438 674 patriar
452 585 579 661 dolens,
595 581 637 645 de
652 577 798 662 pernicie
814 573 975 659 publicad
999 591 1076 637 cum
1092 571 1199 660 enitio
1213 569 1289 652 ejus
1304 577 1411 634 trans-

318 688 415 771 igatl
459 685 532 767 Ego
547 678 679 766 quidem
695 680 805 744 aetatis
829 683 895 742 tuae
918 673 1211 755 contemplatione,
1233 681 1336 754 atquo
1350 671 1412 734 ho·

319 797 413 854 rum⁷
436 805 580 871 precum,
596 783 740 848 cadaver
753 779 937 854 restituam,
959 793 1069 858 neque
1090 792 1234 855 unquam
1259 774 1412 836 commit·

320 899 402 967 tam,
416 895 452 954 ut
466 886 556 972 qnod
569 886 601 950 in
612 883 761 948 hostibus
772 876 1018 962 reprehenditur
1028 875 1149 939 crimen
1161 873 1323 937 malitiae‘
1338 873 1412 955 ipse

321 985 482 1056 subeam?
517 982 599 1070 [ab]
614 982 669 1048 Ad
684 1001 725 1046 ea
739 980 905 1055 Priamus,
919 981 1083 1042 renovato
1099 973 1181 1038 fletu
1195 993 1294 1056 quam
1309 968 1412 1036 mise-

319 1088 441 1164 rabili‚'
465 1107 531 1152 non
546 1087 619 1150 siue
634 1084 768 1148 decreto
784 1081 909 1146 Divum
924 1079 1068 1144 adversa
1082 1076 1271 1140 bominibus
1285 1076 1410 1136 irruere

320 1191 385 1256 ait:
409 1189 521 1252 Deum
536 1187 662 1270 quippe
675 1177 865 1248 anctorem‘
884 1181 1023 1262 singulis
1036 1179 1231 1243 mortalibus
1246 1176 1323 1242 boni
1339 1193 1412 1238 ma-

320 1291 413 1374 lique
437 1307 530 1354 esse:
553 1305 660 1370 neque
683 1283 763 1350 οιιί8
787 1285 918 1348 beatum
941 1288 1040 1345 esset
1059 1280 1189 1344 licitum
1212 1278 1267 1352 eit,
1295 1276 1412 1359 cujus·

320 1411 420 1476 quam
438 1393 560 1455 ineunt
575 1389 642 1450 vim
657 1383 915 1465 inimicitiasque
928 1379 1128 1464 procedere:
1144 1384 1293 1443 ceterum
1309 1393 1346 1438 se
1361 1375 1412 1438 di-

322 1492 407 1554 versi
431 1495 544 1572 partus
558 1484 800 1569 qninquaginta
826 1479 992 1546 tiliorumh
1015 1487 1153 1562 patrem,
1177 1476 1410 1540 beatissimum

319 1609 429 1672 regum
445 1588 592 1652 omnium
606 1585 771 1649 habitum:
788 1589 824 1648 at
838 1589 1039 1667 postremum
1054 1579 1242 1644 Alexandri
1268 1577 1411 1642 natalem

320 1685 424 1751 diem¹
452 1688 595 1764 evitari,⁹
619 1705 658 1748 ne
688 1686 764 1749 Diis
788 1685 922 1768 quidem
950 1683 1222 1766 praecinentibus',
1248 1680 1412 1762 potuisse.

322 1783 479 1872 Namque
500 1788 672 1852 Hecubam
688 1786 771 1852 loetu
788 1805 830 1850 eo
844 1785 1029 1868 gravidam,
1043 1785 1147 1848 lacem
1165 1801 1225 1865 per
1239 1773 1411 1864 quietem*

777 1963 954 1984 mu}

352 2085 366 2132 7
385 2080 478 2145 Delpb.
489 2080 629 2130 laruae-8
646 2079 739 2143 Delpla
751 2081 884 2143 quoad-9
900 2079 1035 2143 Delplr.ud
1042 2093 1067 2142 p.
1078 2078 1109 2128 Δ.
1120 2091 1145 2128 rr.
1156 2080 1180 2126 d.
1192 2091 1268 2140 quen·

817 2253 923 2304 NOTAE

352 2363 642 2428 1βεκιικιιίιᾶκμιιὺὶᾶοα]
657 2349 790 2415 Neminem
801 2381 846 2428 pn·
887 2367 931 2416 ille
951 2365 1128 2431 consequitur,
1153 2363 1283 2414 interdum
1310 2363 1412 2421 bonnm.

320 2448 349 2488 to
361 2440 428 2488 irtud
440 2455 515 2502 poure
525 2439 682 2503 intelligere,
690 2440 723 2488 de
732 2441 847 2503 pernicie
888 2443 936 2491 Cui
948 2450 1033 2491 antem
1045 2457 1078 2491 ex
1089 2439 1206 2490 trictibus
1224 2437 1339 2500 dederit,
1357 2453 1411 2488 enm

320 2517 424 2579 publica
441 2516 586 2576 transigere
597 2509 655 2563 cunr
670 2515 778 2578 alicujrrn
793 2519 855 2566 exi«
884 2516 1013 2566 infelicem
1025 2516 1129 2566 reddit!

320 2592 367 2640 rto.
402 2591 499 2640 Forsan
511 2590 650 2653 scripserat
661 2589 847 2653 Dictye,‘per·
928 2593 1044 2655 tNeque
1067 2593 1144 2655 quoad
1164 2589 1255 2638 beatum
1278 2589 1341 2652 erre]
1368 2589 1413 2639 Ait
1516 2593 1517 2600 ’

320 2665 414 2714 ulciem
435 2666 563 2729 publicam
583 2665 664 2714 exitio
683 2665 738 2728 ejur
757 2668 848 2714 trenel·
885 2667 1006 2732 quamdiu
1016 2668 1091 2718 alicui
1105 2667 1208 2715 beatum
1218 2679 1274 2713 eree
1287 2664 1414 2728 permitti·

321 2749 365 2805 gut
373 2743 389 2790 ε’
401 2744 427 2792 id
437 2741 575 2803 eet‚tiuiut,
584 2741 710 2804 abrolvat,
719 2741 849 2792 conficiet·
885 2750 937 2805 tur,
947 2757 1004 2792 enm
1015 2743 1107 2791 nulline
1116 2740 1245 2789 violentia
1260 2739 1414 2789 inimicitiis·

322 2819 431 2878 Optimo
442 2834 525 2866 reum.
552 2819 585 2866 Et
596 2817 652 2866 brec
662 2819 713 2867 erit
723 2833 779 2868 mee
790 2833 847 2867 ren·
886 2833 936 2882 qne
949 2818 1093 2880 expositum
1105 2829 1169 2864 eree.

320 2890 411 2950 tentia,
428 2889 511 2938 donec
527 2903 568 2938 me
580 2890 672 2954 aliquia
685 2892 790 2939 meliore
802 2891 848 2940 do·
933 2891 945 2924 ¹¹
975 2890 1153 2953 Quinquaginta
1179 2887 1301 2953 filiorum]
1339 2887 1412 2950 virg.

320 2972 389 3014 cett.
883 2964 1094 3028 ‘Quinquaginta
1105 2963 1141 3012 illi
1155 2961 1277 3012 thalami)

352 3037 594 3101 ‘cuneandum
611 3035 721 3101 Proprie
733 3037 845 3102 loqnitnr
916 3037 981 3088 ’Λᾶ
999 3043 1140 3102 postremum
1157 3037 1290 3086 Alexandri
1311 3037 1413 3087 natalem

320 3111 429 3177 Dieryr3
447 3113 569 3164 malitiam
588 3113 655 3162 enirn
675 3117 752 3162 'vocat
770 3125 845 3178 quum
884 3115 959 3179 diem]
987 3115 1077 3166 Innait
1102 3113 1276 3164 Alexandrum
1304 3111 1413 3162 liliorum

319 3201 366 3238 nur
377 3189 468 3240 darell.
886 3191 984 3241 Priami
1002 3198 1157 3255 pertrenrnm
1176 3188 1261 3238 iniere.
1296 3187 1414 3251 Hyginrra

351 3263 449 3316 ‘Deum
458 3267 542 3330 quippe
552 3263 681 3328 auctorent]
699 3265 847 3330 Expressit·
888 3273 987 3318 tnntum
1003 3267 1049 3328 nit,
1066 3265 1241 3316 Alexandrum
1254 3263 1358 3312 Priamo
1371 3277 1415 3311 na·

319 3353 346 3388 re
359 3341 461 3389 videtne
472 3343 566 3402 Dictyr
578 3355 610 3389 ex
624 3341 702 3389 Hom.
714 3341 746 3389 ll.
758 3347 787 3390 rt.
802 3341 846 3390 ubi
886 3351 951 3406 tum,
964 3358 1020 3392 curn
1028 3343 1083 3404 jum
1094 3342 1180 3403 plnres
1192 3339 1284 3388 liberos
1297 3337 1414 3388 baberet.

319 3413 433 3462 Acbiller
454 3413 485 3461 ud
506 3413 652 3463 Priamum:
669 3413 734 3463 dornl
752 3413 800 3477 γάρ
818 3431 846 3463 τι
885 3417 968 3477 Solus,
985 3416 1053 3480 quod
1066 3415 1153 3477 eciam,
1166 3411 1337 3478 Apollodorus
1349 3413 1413 3480 acri·

318 3486 381 3536 κίθα
397 3485 549 3537 κατακείαται
564 3489 590 3536 ἐν
601 3487 657 3538 Διὸς
676 3490 738 3537 οὔδει
752 3489 846 3552 Adeon,
887 3489 925 3540 bit
936 3497 995 3554 poet
1004 3491 1143 3539 Hectorem
1152 3487 1265 3538 necundo
1276 3487 1412 3550 partuPa-

319 3561 357 3614 niu
368 3561 446 3614 &iduor
457 3564 542 3619 κακῶν,
554 3563 633 3624 ἔτερος
644 3561 668 3612 dl
680 3562 747 3613 ἐάαν·
759 3561 795 3614 'n
803 3562 847 3624 μὲν
885 3566 966 3616 ridem
982 3566 1115 3614 Hecubam
1128 3564 1249 3613 edidisse.

321 3637 434 3700 καμμλξαα
449 3635 499 3699 δῴη
515 3636 571 3688 zebe
585 3637 772 3702 τερπικέραυνος,
788 3639 847 3690 Ἀλ-
918 3640 929 3674 ¹
946 3641 1032 3690 Furem
1044 3655 1087 3703 per
1098 3639 1208 3705 quietem]
1232 3639 1298 3688 Inde
1310 3639 1414 3702 elegan-

321 3721 380 3766 λυτα
390 3715 434 3776 μέν
443 3733 471 3763 re
482 3715 547 3778 κακᾷ
556 3715 599 3777 ὅγε
610 3715 713 3780 κύρεται,
724 3715 815 3767 ἄλλοτε
827 3719 847 3766 δ’
884 3723 925 3766 ter
937 3717 1008 3779 Virg.
1022 3731 1050 3766 x.
1061 3717 1116 3766 AEn.
1134 3717 1185 3765 ‘Et
1194 3713 1251 3763 face
1263 3729 1414 3779 praegnans,

318 3788 449 3856 deorumn
467 3790 494 3839 tl
511 3809 538 3841 ιιι
555 3793 602 3841 τῶν
613 3795 707 3857 λυγρῶν
724 3791 781 3856 δῴη,
799 3803 846 3844 λα·
885 3792 981 3844 Ciereie
1002 3791 1090 3856 regina
1112 3791 1191 3840 Parin
1210 3787 1300 3837 creet!
1341 3789 1412 3839 Vide

318 3863 480 3922 βητὸνέθηκι.
505 3866 580 3915 ‘Duo
592 3869 658 3917 enirn
670 3867 740 3918 dolia
754 3869 847 3933 jacent
886 3867 1038 3932 Apollodor.
1060 3864 1175 3930 Lycoph.
1192 3859 1267 3911 Ouid.
1286 3867 1314 3909 ct
1334 3863 1411 3914 alios.

319 3937 344 3983 in
356 3939 428 3989 Jurir
446 3940 531 3993 limine
552 3941 694 4005 Donarem,
704 3943 789 4008 qualia
801 3943 847 3992 dat
882 3941 957 3994 Solus
970 3941 1099 4007 Hyginus,
1111 3941 1176 3990 Feb.
1187 3941 1226 3988 91.
1237 3937 1283 3987 uit.
1302 3935 1413 3989 ‘Hecu-

319 4013 443 4060 mulorum
454 4015 572 4074 alterum,
584 4017 694 4064 alterum
703 4017 842 4068 bonorum:
884 4018 941 4068 burn
953 4019 979 4066 in
989 4017 1075 4081 quiete
1086 4013 1179 4065 ridlnre
1189 4009 1307 4063 salacem
1317 4013 1411 4064 arden·

318 4083 369 4133 Cni
385 4085 488 4145 quidem
505 4087 614 4136 miscens
626 4089 727 4140 dederit
738 4091 843 4155 Jupiter
883 4101 935 4142 tem
955 4105 1054 4156 parere,
1074 4105 1106 4140 ex
1121 4103 1173 4155 quu
1184 4095 1320 4154 cerpentee
1331 4091 1410 4156 pluri-

317 4159 475 4222 tulminatoq
487 4157 622 4210 Interdum
633 4161 737 4224 quidem
749 4167 842 4216 melum
882 4179 937 4216 nrm
949 4165 1068 4229 rulime?¹
1091 4165 1150 4216 Nini
1169 4163 1205 4216 ibl
1222 4177 1272 4219 rox
1288 4171 1409 4230 ‘serpen-
