3044 4896
319 325 387 396 ω
672 333 835 384 nrorros
858 331 1065 383 onerarere

319 493 458 548 tremum
480 497 621 564 corpora
641 497 703 542 sua
724 477 867 561 quisque
891 483 1057 552 curantes,
1078 475 1154 540 vioo
1176 481 1282 559 atque
1307 475 1417 560 epnfis

319 601 378 668 per
390 583 530 647 moltam
543 587 686 659 noctem,
702 577 840 663 Ajacem
856 578 1048 660 simulque⁴
1066 575 1232 641 Achillem
1257 577 1419 642 laudibus

319 683 497 762 celebrent,
521 688 623 765 eique
646 679 689 746 ad
713 679 836 746 eoelum
859 679 977 744 ferunt·
1021 677 1071 741 At
1092 677 1182 758 apud
1202 676 1343 760 'liojam
1358 678 1418 741 nbi

319 785 451 866 requies
464 783 610 848 iunernm
626 789 686 861 est,
700 799 766 846 non
778 779 850 864 jam
864 779 962 844 dolor
976 781 1009 844 in
1025 797 1107 842 casu
1123 777 1334 854 Memnonia*
1354 780 1414 842 sed

319 892 440 963 matos,
454 892 488 949 et
507 901 647 970 summm
669 901 787 959 rernm,
810 880 998 966 desperatio
1016 880 1216 943 incesserat:
1236 897 1314 956 eom
1337 877 1415 942 hine

319 983 520 1068 Sarpedonis
544 983 707 1059 interitus,
737 980 813 1045 inde
839 981 990 1044 insecuta
1013 979 1119 1062 panio
1147 987 1226 1060 post
1252 979 1414 1042 Hectoris

320 1085 432 1150 eludes
446 1103 523 1167 spes
544 1086 688 1166 reliquas
710 1081 830 1146 animis
844 1081 1082 1145 abstulisset:⁵
1108 1098 1218 1163 neque
1229 1080 1316 1162 qnod
1331 1099 1414 1163 pos·

318 1193 462 1250 tremum
490 1185 526 1249 in
555 1183 733 1248 Memnone
770 1181 903 1247 fortuna
932 1180 1109 1257 obtulerat,
1145 1181 1308 1263 reliquum
1341 1181 1414 1264 J'am

319 1285 502 1350 existeret.⁶
537 1285 593 1350 lte
615 1284 857 1349 confluentibus
875 1283 909 1348 iu
935 1301 1036 1346 uuum
1052 1289 1102 1347 tot
1122 1283 1285 1358 adversis,
1300 1301 1415 1346 euram

318 1403 450 1452 omnem
465 1384 689 1466 exsurgendi⁸
702 1383 912 1447 omiserant!
955 1380 1018 1466 [9.]
1039 1380 1088 1446 At
1109 1387 1186 1464 post
1200 1401 1329 1467 paucos
1344 1383 1415 1445 dies
1490 1373 1494 1382 '

318 1487 445 1559 Graeci,
460 1486 611 1550 instructi
631 1483 743 1559 armis,
758 1501 949 1565 processere
960 1483 994 1545 in
1009 1501 1179 1565 campum,
1195 1483 1414 1560 lacessentes,

318 1588 349 1650 si
371 1584 555 1661 auderent*
576 1584 621 1648 ad
641 1583 832 1647 bellandum
846 1582 1044 1666 trojanos:
1071 1583 1160 1663 Quis
1176 1585 1247 1648 dux
1262 1585 1415 1648 Alexan·

318 1683 375 1748 der
390 1705 465 1748 cnm
480 1683 616 1766 reliquis
629 1683 786 1748 fratribus
802 1683 941 1748 militem
957 1685 1098 1762 ordinat,
1121 1691 1219 1768 atque
1236 1686 1413 1750 adversum

318 1785 437 1868 pergit
481 1785 548 1852 Sed
573 1785 768 1870 prinsquam
790 1784 884 1848 sarire
899 1784 983 1848 inter
997 1805 1034 1850 se
1050 1787 1152 1861 acies,
1176 1793 1235 1850 ant
1250 1785 1322 1868 jaci
1346 1785 1415 1848 tela

319 1905 466 1969 coepere,
480 1887 611 1952 barbari
632 1884 772 1950 solntis⁸
794 1885 994 1950 ordinibns'
1015 1885 1128 1967 sugam
1143 1887 1289 1951 faciunt:
1314 1887 1413 1951 enesi-

316 2007 384 2072 que
397 2007 510 2052 eornm
522 1988 668 2072 plurimi,
681 1995 739 2052 ant
751 1985 918 2050 indumen
930 1987 1141 2070 praecipitem
1153 1987 1234 2064 dati,
1246 2006 1322 2051 oum
1334 1987 1412 2051 hinc

317 2095 420 2171 atque
434 2089 512 2154 inde
528 2091 687 2172 ingrueret
700 2089 816 2165 hostis,
837 2095 940 2170 atque
956 2089 1100 2170 undique
1116 2087 1252 2154 ademta
1266 2089 1348 2170 fuga
1362 2109 1412 2153 es·
1517 2131 1518 2142 ι

317 2195 380 2254 set.
425 2188 524 2274 Capti
541 2191 643 2254 etiam
658 2189 793 2274 Lycaon
803 2199 817 2226 ¹
832 2196 866 2254 et
879 2190 1039 2253 Troilus!
1055 2189 1244 2266 Priamidae,
1261 2209 1363 2273 quos,
1377 2191 1411 2252 in

316 2291 464 2356 medinm
493 2290 688 2374 productos,
717 2289 865 2355 Achilles
889 2289 1036 2374 jugulari
1060 2289 1412 2373 jubetzsindignatns,

316 2391 461 2454 nondum
488 2392 555 2456 sibi
575 2411 596 2456 a
620 2390 756 2454 Priamo
777 2409 880 2474 super
900 2386 954 2453 his
977 2409 1055 2472 quoe
1078 2409 1191 2454 secum
1214 2396 1412 2454 tractaverat

316 2487 523 2554 mandatum.
567 2488 654 2568 Qua
666 2491 724 2553 ubi
739 2489 1160 2600 animadvertere-Trojano
1176 2491 1296 2555 tollunt
1307 2493 1410 2572 gemi-

772 2667 952 2688 nonnum!

309 2781 455 2846 ferreaque
466 2783 601 2834 enim-t
619 2784 710 2846 Deiota
722 2784 793 2834 aaut
803 2793 883 2848 etque,
901 2790 928 2834 et
948 2795 1007 2833 mox
1027 2782 1156 2832 omittitur
1174 2787 1198 2832 et
1216 2789 1281 2844 post·
1293 2788 1409 2832 meter.—

314 2846 435 2906 aneton.
446 2847 652 2896 ndetuimeti
665 2849 760 2911 Deiph.
770 2855 841 2912 utque
851 2850 883 2898 ud
893 2864 918 2909 ρ.
929 2847 955 2897 e'a
966 2847 1004 2896 M.
1017 2847 1113 2909 quems.
1123 2863 1145 2894 o.
1157 2846 1341 2908 reliquiamjurn
1349 2847 1409 2895 uidit

313 2908 482 2958 ennium-7
508 2911 600 2973 oetpo.
626 2911 814 2961 amiternae—8
836 2911 933 2976 Delph.
952 2911 1123 2960 decoloria—9
1150 2911 1245 2976 Delph.
1264 2925 1408 2982 precem.-

809 3068 915 3118 NOTAE

346 3183 354 3213 ⁸
370 3180 445 3230 Dolor
455 3182 481 3232 in
491 3197 546 3232 cura
557 3181 699 3246 Mounesis]
720 3181 781 3246 Pro,
794 3167 839 3232 do·=
879 3180 937 3231 AEn.
950 3195 970 3231 r.
981 3185 1039 3231 tra.
1051 3177 1150 3232 ‘Parte
1162 3181 1212 3253 alia
1223 3181 1324 3246 fugiens
1333 3183 1407 3232 amis·

311 3257 354 3306 ior
374 3273 389 3306 e
412 3271 473 3307 casu
495 3259 651 3309 Memnonis.
684 3259 770 3310 Noiiur
790 3260 839 3309 ime
878 3257 1406 3324 risTroiinsarmir,1ufeiixpareantque

313 3331 418 3380 imitari.
710 3337 718 3348 “
877 3333 961 3395 impar
979 3345 1132 3394 congressus
1151 3331 1253 3394 Achiui,
1271 3335 1365 3384 Fertur
1381 3349 1407 3382 e·

345 3413 356 3437 ’·
374 3405 539 3467 Exsurgendi]
555 3407 617 3456 Sese
629 3407 753 3470 erigendi.
877 3405 944 3470 quis,
954 3421 1082 3470 curruque
1090 3406 1174 3456 haret
1183 3409 1318 3471 resrrpimrs
1331 3409 1407 3468 inani,

343 3487 355 3512 '
372 3479 402 3528 m·
411 3481 535 3542 nudarat]
546 3482 731 3542 Transpositio,
743 3483 838 3532 Nostro
878 3483 946 3530 Lora
966 3487 1056 3530 tenens
1069 3489 1170 3530 temen:
1188 3483 1247 3532 troie
1266 3486 1406 3549 cervixque

311 3561 339 3606 et
351 3555 407 3605 aliis
418 3556 494 3604 etiam
510 3554 652 3604 familiaris.
684 3557 768 3604 Series
781 3564 837 3607 eet:
876 3569 1010 3620 comaeque
1030 3557 1167 3606 trahuntur
1178 3557 1231 3607 Per
1252 3567 1359 3620 terrum,
1378 3571 1406 3610 et

310 3635 319 3660 ⁴
332 3633 499 3682 Lacesrentes
509 3630 630 3694 Trojanor
639 3629 669 3678 ad
683 3629 837 3693 bellandum,
877 3643 953 3678 versa
964 3630 1206 3692 pulvis'iuseribitur
1215 3633 1309 3684 hasta!
1332 3636 1405 3684 Idern

311 3705 492 3757 siauderent.’
875 3711 904 3756 et
921 3705 989 3756 infra
1016 3709 1097 3757 Dares
1118 3709 1253 3774 Phrygius.
1294 3712 1406 3763 Tzetzes

351 3789 368 3814 ⁸*
384 3781 475 3832 &lutis
493 3781 637 3846 [Dereiotis]
655 3783 787 3846 ordinibus]
804 3784 837 3835 A·
876 3782 968 3832 scribit
984 3783 1098 3833 Troilum
1111 3783 1250 3847 fugientem
1262 3784 1288 3831 iu
1299 3785 1404 3847 Apolli-

309 3855 459 3907 iondormnut
470 3860 503 3907 lea
512 3873 594 3921 range,
612 3859 721 3909 Gallice.
875 3859 915 3906 nis
923 3858 1068 3921 Thymbraei
1080 3862 1202 3924 templum
1215 3874 1242 3908 ee
1252 3860 1406 3927 conjecisse,

342 3937 355 3962 ¹
371 3931 478 3994 Lycaon]
501 3933 584 3984 Quem
603 3935 733 3984 Homerus
751 3933 783 3984 ab
803 3933 835 3982 A.
876 3933 944 3983 nude
963 3949 1020 3983 cum
1040 3949 1096 3984 eum
1118 3935 1228 3984 Achilles
1250 3934 1404 3987 abstrahere

308 4001 387 4052 cirine
398 4007 424 4051 in
437 4017 522 4066 pogna
533 4009 644 4056 occisum
656 4008 728 4071 dicit,
740 4011 773 4060 ii.
784 4015 811 4058 Φ.
875 4021 927 4058 nou
947 4016 1043 4072 posset,
1055 4011 1134 4072 juxte
1145 4024 1213 4059 aram
1224 4023 1282 4058 euru
1294 4013 1403 4074 oceidit,

342 4081 353 4115 t
370 4075 474 4134 dieitur]
491 4077 568 4128 Hunc
580 4087 665 4128 tamen
676 4095 834 4146 pugnantem
874 4083 944 4134 nude
954 4090 982 4133 et
994 4083 1108 4134 Achilles
1121 4093 1213 4149 postea
1224 4085 1293 4136 idem
1306 4087 1340 4138 ab
1352 4089 1400 4138 aiio

308 4145 343 4198 ab
352 4146 451 4196 Achille
458 4147 621 4201 interfectum
629 4154 834 4220 describitVirg.
869 4160 948 4220 juxta
959 4159 1066 4210 eandem
1078 4175 1148 4210 arem
1161 4177 1256 4226 persus.
