3052 4900
312 343 378 421 m
646 351 824 406 uturros
849 347 1055 402 cerrensis

313 503 420 570 ret'ert.
466 497 521 566 Ob
543 517 621 584 quse
638 498 767 582 junctis
788 495 843 564 his
866 496 903 560 in
917 492 1082 570 venundo,
1103 491 1347 558 ubiseorsum'
1361 495 1413 560 atr

313 605 435 672 ceteris
451 601 684 685 Menalippum
697 598 801 676 ridet,
824 615 966 682 eumque
985 601 1021 660 et
1042 592 1147 678 peulo
1171 599 1249 678 post
1271 595 1408 662 fratrem

311 706 386 792 ejus
400 706 582 780 insecutus,
594 699 766 766 interficit:
789 697 833 764 ud
843 705 860 746 ⁴
872 716 1010 783 quorum
1029 697 1273 780 inquisitionem
1288 715 1416 764 servus,

314 805 450 892 qnidam
459 805 601 890 Ciuym
611 801 753 877 nomine,
764 817 922 885 perquam
934 795 1034 874 fidus,
1045 797 1231 880 proiectus,
1239 800 1277 863 in
1288 817 1411 864 manus

311 907 449 993 juvenis
463 905 606 982 devenit,
620 903 952 986 comprehensusque,
967 899 1133 964 Acestam
1148 900 1250 964 adore
1264 905 1408 982 nuntiet,

316 1017 418 1094 etque
444 1007 495 1072 ite
522 1005 697 1072 occiditur.
757 1003 816 1081 [9.]
852 1001 974 1086 Itaque
1004 1000 1250 1086 Neoptolemus
1276 1011 1410 1069 mutatu

315 1109 463 1194 Phrygia
476 1105 596 1186 veste,b
611 1113 772 1190 tunquam
793 1104 883 1170 tilius
906 1105 1032 1170 Priami
1053 1101 1212 1182 Mentor,5
1220 1107 1313 1188 equi
1327 1125 1410 1190 cap-

315 1211 407 1278 tivus
420 1229 496 1276 cum
515 1208 646 1296 Pyrrho
666 1207 710 1274 nd
733 1227 775 1274 eu
797 1208 876 1272 loca
896 1208 1123 1290 eurigeveret,
1139 1207 1268 1271 Acasto
1287 1209 1411 1274 obvius

316 1313 423 1392 venit,
451 1313 551 1396 eique
577 1311 714 1395 quinam
742 1316 834 1376 esset
859 1309 997 1380 indicet,
1026 1317 1061 1376 et
1089 1307 1349 1392 Neoptolemum
1376 1313 1411 1374 in

317 1415 482 1500 spelunca
503 1412 678 1495 fatigatum
701 1413 836 1492 navigio
859 1407 1066 1494 somnoqued
1084 1410 1207 1493 jecere.
1251 1410 1308 1474 Oh
1332 1426 1412 1496 quae'

317 1517 440 1582 anxius
454 1512 615 1590 Acastus,
638 1515 824 1597 opprimere
847 1531 949 1596 quarn
971 1513 1234 1578 inimicissimum
1258 1514 1412 1596 cupienS,

317 1615 361 1682 nd
374 1617 570 1698 speluncam
589 1615 710 1697 pergit,
732 1619 831 1696 utque
851 1615 887 1678 in
909 1615 987 1696 ipso
1007 1613 1103 1680 editu
1124 1635 1148 1679 a
1159 1614 1315 1692 Thetide,
1332 1635 1413 1698 quse

317 1715 362 1787 ad
377 1735 419 1780 ea
431 1714 510 1780 locu
523 1715 723 1798 inquisitum
737 1713 841 1780 Pelea
851 1721 995 1793 venerat,
1017 1733 1052 1779 rc
1068 1716 1203 1798 cognite
1213 1715 1412 1800 reprimitur.

317 1815 422 1894 Dein,
434 1817 567 1884 cunctis
579 1835 657 1901 quus
672 1815 849 1882 adversum
863 1816 997 1882 domum
1013 1816 1158 1881 Achillis
1169 1818 1280 1900 inique
1297 1825 1334 1882 et
1353 1817 1415 1881 ud-

317 1935 451 1984 reraum
465 1917 519 1984 fas
542 1925 692 2001 gesserat
713 1919 926 1996 enumeratis,
947 1917 1192 2002 increpitum,⁶·
1215 1918 1261 1982 ed
1281 1925 1416 2003 postre-

318 2036 409 2084 mum
423 2019 605 2086 intercessu
620 2037 693 2097 suo,
716 2019 871 2084 munibus
888 2019 1020 2105 juvenis
1040 2019 1181 2086 liberet:
1203 2019 1412 2104 persuadens

318 2119 445 2203 nepoti,
456 2125 514 2186 ut⁷
529 2141 570 2186 ue
585 2119 746 2204 sunguine
760 2119 899 2184 ulterius
911 2118 1008 2185 ulcisi
1023 2127 1160 2203 cuperet
1172 2139 1215 2184 eu
1229 2141 1307 2203 qum
1322 2130 1415 2186 ante·

320 2229 499 2288 cesserunt.
543 2221 666 2308 ltaque
681 2219 842 2301 Acastus,
855 2223 914 2287 ubi
932 2241 968 2286 se
982 2229 1102 2307 praeter
1116 2241 1214 2306 spem
1236 2223 1414 2290 liberatum

320 2324 560 2405 animadvertit,
585 2329 706 2409 sponte
732 2328 768 2389 et
789 2324 885 2390 illico
906 2331 1028 2390 cuncte
1048 2320 1162 2407 regni‘
1186 2323 1414 2410 Neoptolemo

319 2425 433 2490 trudit.
475 2423 560 2491 Inde
576 2425 724 2509 jnyenis,
738 2445 814 2490 eum
828 2423 914 2491 terro8
930 2425 1136 2509 reliquisque
1149 2427 1208 2509 qui
1226 2447 1340 2491 secum
1355 2445 1413 2490 ne-

319 2527 522 2610 vigaserant,
536 2545 698 2593 summam
713 2527 805 2609 regni
815 2524 968 2610 adeptus,
979 2526 1013 2590 in
1027 2527 1200 2592 civitatem
1211 2529 1314 2594 venit.
1357 2527 1414 2593 Ibi

320 2630 483 2696 aeunctis
497 2629 728 2717 popularibus,
752 2628 875 2713 quique
894 2625 998 2712 juxte
1019 2627 1245 2696 inhabitantes
1269 2631 1333 2695 sub
1353 2632 1415 2696 im·

784 2839 967 2864 “Hm

329 2991 333 2998 .
354 2951 482 3015 ιυιιρι.
496 2953 579 3004 e.-s
596 2954 693 3018 nepe
710 2961 739 3006 et
749 2957 821 3020 ηις.
834 2925 981 3020 neem-e
996 2955 1089 3021 serpe.
1100 2957 1126 3008 te
1138 2963 1262 3008 emate
1270 2960 1416 3022 mee·

321 3030 378 3083 qne:
393 3015 441 3070 sed
453 3031 477 3068 r.
488 3023 543 3068 not.
554 3015 648 3070 ini-i
665 3017 813 3071 Delenitus
826 3019 951 3088 Vindinq.
968 3028 1043 3086 putat
1058 3023 1178 3076 voculam
1193 3027 1278 3074 ert-d
1294 3023 1362 3076 Post
1371 3039 1416 3078 ars

812 3231 922 3285 NO'l'AE

353 3366 674 3444 immurmurare]
685 3369 849 3438 idest,sum·
889 3375 973 3440 ipsum
990 3371 1144 3428 desideriunt
1162 3373 1313 3433 dormiendi,
1330 3373 1416 3428 lucie

323 3457 352 3500 tu
369 3448 484 3512 Phrygia
503 3457 591 3511 νικος
618 3449 774 3502 mnenon
791 3465 850 3502 cum
888 3451 1025 3504 neoni.
1040 3452 1100 3504 Quo
1111 3465 1242 3501 sensnuoe
1253 3450 1331 3502 etlam
1343 3465 1417 3501 usur·

322 3521 567 3588 Phrygiaruutarit.
889 3525 1418 3594 paurusnostrumronneitrdicimuseniru,

354 3606 366 3632 ⁶
390 3597 470 3650 Filias
496 3595 591 3649 Prieni
616 3597 710 3648 nestor
735 3591 854 3664 [Nestor]¹
889 3599 1142 3652 mentemst.

322 3673 554 3728 Nullnm‘Priaruo
572 3671 651 3724 sitisse
671 3671 752 3726 filiurn
775 3683 849 3742 pute,
920 3675 1107 3740 elemptim]
1134 3677 1212 3740 Lego,
1225 3673 1418 3740 ‘increpatum-

323 3747 442 3802 Nestoris
453 3749 563 3802 nomine.
588 3749 713 3802 Libenter
724 3753 849 3804 rescribe·
888 3752 973 3819 que3’
1000 3751 1033 3801 de
1062 3751 1173 3802 Thetide
1199 3751 1266 3804 enim
1295 3752 1421 3816 loquitur,

322 3839 387 3885 rem,
401 3828 504 3882 Memor.
537 3827 678 3878 Mestoren
696 3829 764 3879 euim
781 3832 850 3881 inter
890 3843 946 3893 que
962 3828 1119 3878 enumeratis
1134 3826 1241 3888 cunctis,
1252 3839 1309 3891 quse
1322 3825 1420 3874 edver-

322 3899 419 3951 Prisml
429 3901 494 3951 tilios
503 3909 639 3952 numerent
651 3911 761 3956 veteres.
889 3913 944 3954 sum
961 3903 1062 3954 domum
1077 3901 1182 3955 Achillis
1197 3900 1283 3964 inique
1296 3903 1420 3964 gesserat

346 3973 370 4041 ,ἒ
385 3977 523 4040 Fatigetur
538 3979 635 4041 nauigio
650 3981 785 4050 muneque]
809 3981 848 4032 Ex
888 3979 1011 4040 Acastus,
1022 3978 1182 4042 increpatum
1198 3988 1254 4024 enm
1270 3971 1421 4025 intercessu

324 4035 418 4098 nene
442 4050 532 4100 ‘Ludo
544 4052 733 4120 fatigatumque
745 4056 850 4107 somno!
888 4055 1038 4105 suo-liberat
1049 4053 1187 4104 euranlbue
1198 4050 1379 4115 Neoptolemi.

324 4119 377 4173 oet
396 4121 466 4171 loeus
480 4125 573 4174 multoe
587 4128 743 4190 interpretes
758 4133 849 4192 torsit3
920 4127 930 4164 ¹
945 4128 1126 4198 conteget]
1142 4126 1330 4190 subanditur,⁸
1338 4139 1418 4194 nego·

324 4195 368 4262 qul
379 4208 431 4248 nou
441 4193 568 4260 viderunt,
578 4198 620 4248 hic
633 4201 783 4252 ‘somnum'
794 4219 850 4254 erse
889 4195 945 4256 'tle'
