<?xml version="1.0" encoding="UTF-8"?>
<!DOCTYPE html PUBLIC "-//W3C//DTD XHTML 1.0 Transitional//EN"
    "http://www.w3.org/TR/xhtml1/DTD/xhtml1-transitional.dtd">
<html xmlns="http://www.w3.org/1999/xhtml" xml:lang="en" lang="en">
 <head>
  <title>
</title>
<meta http-equiv="Content-Type" content="text/html;charset=utf-8" />
  <meta name='ocr-system' content='tesseract 3.04.00' />
  <meta name='ocr-capabilities' content='ocr_page ocr_carea ocr_par ocr_line ocrx_word'/>
</head>
<body>
  <div class='ocr_page' id='page_1' title='image "./dictyscretensis00smidgoog_0142.png"; bbox 0 0 3028 4900; ppageno 0'>
   <div class='ocr_carea' id='block_1_1' title="bbox 320 301 1053 370">
    <p class='ocr_par' dir='ltr' id='par_1_1' title="bbox 320 301 1053 370">
     <span class='ocr_line' id='line_1_1' title="bbox 320 301 1053 370; baseline -0.014 0"><span class='ocrx_word' id='word_1_1' title='bbox 320 301 384 370; x_wconf 81' lang='lat' dir='ltr'><strong>lat</strong></span> <span class='ocrx_word' id='word_1_2' title='bbox 666 312 826 364; x_wconf 70' lang='lat' dir='ltr'><strong>cronius</strong></span> <span class='ocrx_word' id='word_1_3' title='bbox 849 309 1053 362; x_wconf 75' lang='lat' dir='ltr'><strong>onerarere</strong></span> 
     </span>
    </p>
   </div>
   <div class='ocr_carea' id='block_1_2' title="bbox 319 451 1509 2519">
    <p class='ocr_par' dir='ltr' id='par_1_2' title="bbox 319 451 1509 2519">
     <span class='ocr_line' id='line_1_2' title="bbox 321 451 1509 539; baseline -0.006 -15"><span class='ocrx_word' id='word_1_4' title='bbox 321 459 375 524; x_wconf 80' lang='lat' dir='ltr'><strong>liis</strong></span> <span class='ocrx_word' id='word_1_5' title='bbox 390 455 477 522; x_wconf 84' lang='lat' dir='ltr'><strong>locis</strong></span> <span class='ocrx_word' id='word_1_6' title='bbox 492 453 831 539; x_wconf 66' lang='lat' dir='ltr'><strong>imperitantium</strong></span> <span class='ocrx_word' id='word_1_7' title='bbox 853 451 1078 536; x_wconf 78' lang='lat' dir='ltr'><strong>cognatlonis²</strong></span> <span class='ocrx_word' id='word_1_8' title='bbox 1099 451 1143 518; x_wconf 87' lang='lat' dir='ltr'><strong>ad</strong></span> <span class='ocrx_word' id='word_1_9' title='bbox 1164 467 1241 518; x_wconf 89' lang='lat' dir='ltr'><strong>eum</strong></span> <span class='ocrx_word' id='word_1_10' title='bbox 1254 453 1397 532; x_wconf 83' lang='lat' dir='ltr'><strong>veniunt,</strong></span> <span class='ocrx_word' id='word_1_11' title='bbox 1508 469 1509 496; x_wconf 77' lang='lat'><em>³</em></span> 
     </span>
     <span class='ocr_line' id='line_1_3' title="bbox 320 553 1400 640; baseline -0.004 -20"><span class='ocrx_word' id='word_1_12' title='bbox 320 557 418 640; x_wconf 85' lang='lat' dir='ltr'><strong>eique</strong></span> <span class='ocrx_word' id='word_1_13' title='bbox 433 556 569 638; x_wconf 86' lang='lat' dir='ltr'><strong>quinam</strong></span> <span class='ocrx_word' id='word_1_14' title='bbox 582 561 700 630; x_wconf 80' lang='lat' dir='ltr'><strong>esseut,</strong></span> <span class='ocrx_word' id='word_1_15' title='bbox 721 561 755 620; x_wconf 89' lang='lat' dir='ltr'><strong>et</strong></span> <span class='ocrx_word' id='word_1_16' title='bbox 768 553 962 638; x_wconf 74' lang='lat' dir='ltr'>quibuscum</span> <span class='ocrx_word' id='word_1_17' title='bbox 985 553 1206 634; x_wconf 72' lang='lat' dir='ltr'><strong>navigassent,</strong></span> <span class='ocrx_word' id='word_1_18' title='bbox 1229 568 1400 634; x_wconf 87' lang='lat' dir='ltr'><strong>aperuere.</strong></span> 
     </span>
     <span class='ocr_line' id='line_1_4' title="bbox 322 652 1401 736; baseline -0.005 -16"><span class='ocrx_word' id='word_1_19' title='bbox 322 655 431 720; x_wconf 75' lang='lat' dir='ltr'><strong>Dein·</strong></span> <span class='ocrx_word' id='word_1_20' title='bbox 451 657 557 722; x_wconf 89' lang='lat' dir='ltr'><strong>multa</strong></span> <span class='ocrx_word' id='word_1_21' title='bbox 582 655 724 720; x_wconf 86' lang='lat' dir='ltr'><strong>invicem</strong></span> <span class='ocrx_word' id='word_1_22' title='bbox 747 659 920 720; x_wconf 87' lang='lat' dir='ltr'><strong>consumta</strong></span> <span class='ocrx_word' id='word_1_23' title='bbox 945 655 1108 730; x_wconf 89' lang='lat' dir='ltr'><strong>oratione,</strong></span> <span class='ocrx_word' id='word_1_24' title='bbox 1130 652 1174 716; x_wconf 82' lang='lat' dir='ltr'><strong>ad</strong></span> <span class='ocrx_word' id='word_1_25' title='bbox 1198 659 1401 736; x_wconf 82' lang='lat' dir='ltr'><strong>postremum</strong></span> 
     </span>
     <span class='ocr_line' id='line_1_5' title="bbox 319 752 1403 836; baseline -0.007 -14"><span class='ocrx_word' id='word_1_26' title='bbox 319 756 421 822; x_wconf 73' lang='lat' dir='ltr'><strong>uestri</strong></span> <span class='ocrx_word' id='word_1_27' title='bbox 435 757 549 822; x_wconf 88' lang='lat' dir='ltr'><strong>acrius</strong></span> <span class='ocrx_word' id='word_1_28' title='bbox 564 757 726 831; x_wconf 86' lang='lat' dir='ltr'><strong>incusare,</strong></span> <span class='ocrx_word' id='word_1_29' title='bbox 747 753 837 836; x_wconf 84' lang='lat' dir='ltr'><strong>quod</strong></span> <span class='ocrx_word' id='word_1_30' title='bbox 861 755 940 818; x_wconf 84' lang='lat' dir='ltr'><strong>tam</strong></span> <span class='ocrx_word' id='word_1_31' title='bbox 955 754 1118 819; x_wconf 81' lang='lat' dir='ltr'><strong>hostiliter</strong></span> <span class='ocrx_word' id='word_1_32' title='bbox 1132 752 1307 820; x_wconf 84' lang='lat' dir='ltr'><strong>adversum</strong></span> <span class='ocrx_word' id='word_1_33' title='bbox 1323 769 1403 816; x_wconf 85' lang='lat' dir='ltr'><strong>suos</strong></span> 
     </span>
     <span class='ocr_line' id='line_1_6' title="bbox 320 851 1402 937; baseline -0.002 -21"><span class='ocrx_word' id='word_1_34' title='bbox 320 863 518 920; x_wconf 84' lang='lat' dir='ltr'><strong>versaretur.</strong></span> <span class='ocrx_word' id='word_1_35' title='bbox 560 852 838 933; x_wconf 74' lang='lat' dir='ltr'><strong>Agamemnonem</strong></span> <span class='ocrx_word' id='word_1_36' title='bbox 851 871 994 937; x_wconf 87' lang='lat' dir='ltr'><strong>namque</strong></span> <span class='ocrx_word' id='word_1_37' title='bbox 1009 859 1041 918; x_wconf 88' lang='lat' dir='ltr'><strong>ct</strong></span> <span class='ocrx_word' id='word_1_38' title='bbox 1056 851 1247 916; x_wconf 76' lang='lat' dir='ltr'><strong>Menelaum</strong></span> <span class='ocrx_word' id='word_1_39' title='bbox 1264 851 1402 933; x_wconf 82' lang='lat' dir='ltr'><strong>Pelopi·</strong></span> 
     </span>
     <span class='ocr_line' id='line_1_7' title="bbox 321 950 1403 1033; baseline -0.006 -17"><span class='ocrx_word' id='word_1_40' title='bbox 321 953 395 1030; x_wconf 84' lang='lat' dir='ltr'><strong>dae,</strong></span> <span class='ocrx_word' id='word_1_41' title='bbox 409 972 472 1018; x_wconf 89' lang='lat' dir='ltr'><strong>nou</strong></span> <span class='ocrx_word' id='word_1_42' title='bbox 488 955 614 1018; x_wconf 88' lang='lat' dir='ltr'><strong>alienos</strong></span> <span class='ocrx_word' id='word_1_43' title='bbox 629 954 781 1033; x_wconf 76' lang='lat' dir='ltr'><strong>generis⁰</strong></span> <span class='ocrx_word' id='word_1_44' title='bbox 804 954 869 1030; x_wconf 90' lang='lat' dir='ltr'><strong>sui,</strong></span> <span class='ocrx_word' id='word_1_45' title='bbox 890 972 964 1017; x_wconf 88' lang='lat' dir='ltr'><strong>aum</strong></span> <span class='ocrx_word' id='word_1_46' title='bbox 986 952 1169 1016; x_wconf 88' lang='lat' dir='ltr'><strong>exercitum</strong></span> <span class='ocrx_word' id='word_1_47' title='bbox 1184 950 1403 1016; x_wconf 78' lang='lat' dir='ltr'><strong>contraxisse.</strong></span> 
     </span>
     <span class='ocr_line' id='line_1_8' title="bbox 323 1049 1403 1135; baseline 0.003 -19"><span class='ocrx_word' id='word_1_48' title='bbox 323 1051 411 1116; x_wconf 88' lang='lat' dir='ltr'><strong>Dein</strong></span> <span class='ocrx_word' id='word_1_49' title='bbox 427 1071 502 1135; x_wconf 78' lang='lat' dir='ltr'><strong>quae</strong></span> <span class='ocrx_word' id='word_1_50' title='bbox 522 1051 610 1116; x_wconf 90' lang='lat' dir='ltr'><strong>circa</strong></span> <span class='ocrx_word' id='word_1_51' title='bbox 630 1052 763 1116; x_wconf 87' lang='lat' dir='ltr'><strong>domum</strong></span> <span class='ocrx_word' id='word_1_52' title='bbox 778 1051 923 1116; x_wconf 84' lang='lat' dir='ltr'><strong>Menelai</strong></span> <span class='ocrx_word' id='word_1_53' title='bbox 946 1053 988 1115; x_wconf 94' lang='lat' dir='ltr'><strong>ab</strong></span> <span class='ocrx_word' id='word_1_54' title='bbox 1005 1051 1199 1116; x_wconf 81' lang='lat' dir='ltr'><strong>Alexandro</strong></span> <span class='ocrx_word' id='word_1_55' title='bbox 1220 1049 1403 1119; x_wconf 80' lang='lat' dir='ltr'><strong>commissa</strong></span> 
     </span>
     <span class='ocr_line' id='line_1_9' title="bbox 321 1151 1403 1234; baseline -0.002 -20"><span class='ocrx_word' id='word_1_56' title='bbox 321 1157 445 1228; x_wconf 76' lang='lat' dir='ltr'><strong>essem,</strong></span> <span class='ocrx_word' id='word_1_57' title='bbox 458 1151 814 1234; x_wconf 66' lang='lat' dir='ltr'><strong>ruptumque&#39;Heleuaa</strong></span> <span class='ocrx_word' id='word_1_58' title='bbox 829 1151 969 1216; x_wconf 86' lang='lat' dir='ltr'><strong>docent:</strong></span> <span class='ocrx_word' id='word_1_59' title='bbox 991 1152 1034 1215; x_wconf 90' lang='lat' dir='ltr'><strong>ob</strong></span> <span class='ocrx_word' id='word_1_60' title='bbox 1049 1161 1147 1233; x_wconf 73' lang='lat' dir='ltr'><strong>quae³</strong></span> <span class='ocrx_word' id='word_1_61' title='bbox 1171 1151 1291 1214; x_wconf 83' lang='lat' dir='ltr'><strong>decere</strong></span> <span class='ocrx_word' id='word_1_62' title='bbox 1311 1169 1403 1226; x_wconf 88' lang='lat' dir='ltr'><strong>enm,</strong></span> 
     </span>
     <span class='ocr_line' id='line_1_10' title="bbox 321 1249 1404 1333; baseline -0.002 -20"><span class='ocrx_word' id='word_1_63' title='bbox 321 1267 397 1314; x_wconf 89' lang='lat' dir='ltr'><strong>cum</strong></span> <span class='ocrx_word' id='word_1_64' title='bbox 414 1257 548 1332; x_wconf 82' lang='lat' dir='ltr'><strong>propter</strong></span> <span class='ocrx_word' id='word_1_65' title='bbox 561 1252 889 1330; x_wconf 83' lang='lat' dir='ltr'><strong>consanguinitatem,</strong></span> <span class='ocrx_word' id='word_1_66' title='bbox 902 1257 972 1314; x_wconf 88' lang='lat' dir='ltr'><strong>tum</strong></span> <span class='ocrx_word' id='word_1_67' title='bbox 986 1252 1155 1333; x_wconf 88' lang='lat' dir='ltr'><strong>praecipue</strong></span> <span class='ocrx_word' id='word_1_68' title='bbox 1168 1251 1211 1314; x_wconf 92' lang='lat' dir='ltr'><strong>ob</strong></span> <span class='ocrx_word' id='word_1_69' title='bbox 1226 1251 1338 1314; x_wconf 85' lang='lat' dir='ltr'><strong>scelus</strong></span> <span class='ocrx_word' id='word_1_70' title='bbox 1355 1249 1404 1312; x_wconf 90' lang='lat' dir='ltr'><strong>vi·</strong></span> 
     </span>
     <span class='ocr_line' id='line_1_11' title="bbox 321 1341 1405 1423; baseline 0 -15"><span class='ocrx_word' id='word_1_71' title='bbox 321 1349 403 1416; x_wconf 84' lang='lat' dir='ltr'><strong>elati</strong></span> <span class='ocrx_word' id='word_1_72' title='bbox 417 1345 601 1408; x_wconf 83' lang='lat' dir='ltr'><strong>communis</strong></span> <span class='ocrx_word' id='word_1_73' title='bbox 620 1341 770 1421; x_wconf 84' lang='lat' dir='ltr'><strong>hospitii,</strong></span> <span class='ocrx_word' id='word_1_74' title='bbox 785 1345 918 1404; x_wconf 73' lang='lat' dir='ltr'><strong>Graecis</strong></span> <span class='ocrx_word' id='word_1_75' title='bbox 939 1349 1024 1406; x_wconf 83' lang='lat' dir='ltr'><strong>ultro</strong></span> <span class='ocrx_word' id='word_1_76' title='bbox 1041 1351 1154 1404; x_wconf 74' lang='lat' dir='ltr'><strong>terret</strong></span> <span class='ocrx_word' id='word_1_77' title='bbox 1175 1350 1351 1423; x_wconf 72' lang='lat' dir='ltr'><strong>auxilium,</strong></span> <span class='ocrx_word' id='word_1_78' title='bbox 1370 1350 1405 1410; x_wconf 89' lang='lat' dir='ltr'><strong>in</strong></span> 
     </span>
     <span class='ocr_line' id='line_1_12' title="bbox 320 1439 1405 1523; baseline 0.002 -17"><span class='ocrx_word' id='word_1_79' title='bbox 320 1460 457 1523; x_wconf 80' lang='lat' dir='ltr'><strong>quonum</strong></span> <span class='ocrx_word' id='word_1_80' title='bbox 478 1440 642 1521; x_wconf 78' lang='lat' dir='ltr'><strong>gratiamv</strong></span> <span class='ocrx_word' id='word_1_81' title='bbox 664 1439 772 1521; x_wconf 83' lang='lat' dir='ltr'><strong>ipsius</strong></span> <span class='ocrx_word' id='word_1_82' title='bbox 787 1441 884 1502; x_wconf 88' lang='lat' dir='ltr'><strong>etiam</strong></span> <span class='ocrx_word' id='word_1_83' title='bbox 899 1439 1060 1504; x_wconf 85' lang='lat' dir='ltr'><strong>Herculis</strong></span> <span class='ocrx_word' id='word_1_84' title='bbox 1084 1443 1229 1523; x_wconf 90' lang='lat' dir='ltr'><strong>plurima</strong></span> <span class='ocrx_word' id='word_1_85' title='bbox 1251 1442 1405 1508; x_wconf 85' lang='lat' dir='ltr'><strong>laborum</strong></span> 
     </span>
     <span class='ocr_line' id='line_1_13' title="bbox 321 1537 1404 1625; baseline 0 -20"><span class='ocrx_word' id='word_1_86' title='bbox 321 1547 535 1606; x_wconf 85' lang='lat' dir='ltr'><strong>monumenta</strong></span> <span class='ocrx_word' id='word_1_87' title='bbox 548 1557 607 1621; x_wconf 89' lang='lat' dir='ltr'><strong>per</strong></span> <span class='ocrx_word' id='word_1_88' title='bbox 628 1543 732 1602; x_wconf 87' lang='lat' dir='ltr'><strong>totam</strong></span> <span class='ocrx_word' id='word_1_89' title='bbox 747 1537 915 1625; x_wconf 84' lang='lat' dir='ltr'><strong>Graeciam</strong></span> <span class='ocrx_word' id='word_1_90' title='bbox 938 1540 1140 1605; x_wconf 78' lang='lat' dir='ltr'><strong>existerent.5</strong></span> <span class='ocrx_word' id='word_1_91' title='bbox 1182 1539 1239 1604; x_wconf 78' lang='lat' dir='ltr'><strong>Ad</strong></span> <span class='ocrx_word' id='word_1_92' title='bbox 1254 1541 1404 1606; x_wconf 83' lang='lat' dir='ltr'><strong>aaTele-</strong></span> 
     </span>
     <span class='ocr_line' id='line_1_14' title="bbox 321 1639 1403 1724; baseline -0.004 -16"><span class='ocrx_word' id='word_1_93' title='bbox 321 1641 410 1724; x_wconf 78' lang='lat' dir='ltr'><strong>plius</strong></span> <span class='ocrx_word' id='word_1_94' title='bbox 421 1655 439 1704; x_wconf 73' lang='grc' dir='ltr'><strong>ε·</strong></span> <span class='ocrx_word' id='word_1_95' title='bbox 452 1639 515 1706; x_wconf 84' lang='lat' dir='ltr'><strong>etsi</strong></span> <span class='ocrx_word' id='word_1_96' title='bbox 528 1639 641 1704; x_wconf 85' lang='lat' dir='ltr'><strong>doloro</strong></span> <span class='ocrx_word' id='word_1_97' title='bbox 657 1639 799 1702; x_wconf 84' lang='lat' dir='ltr'><strong>vulneris</strong></span> <span class='ocrx_word' id='word_1_98' title='bbox 813 1639 987 1703; x_wconf 87' lang='lat' dir='ltr'><strong>immodice</strong></span> <span class='ocrx_word' id='word_1_99' title='bbox 1010 1639 1241 1718; x_wconf 88' lang='lat' dir='ltr'><strong>afflictabatur,</strong></span> <span class='ocrx_word' id='word_1_100' title='bbox 1263 1643 1403 1723; x_wconf 88' lang='lat' dir='ltr'><strong>benigne</strong></span> 
     </span>
     <span class='ocr_line' id='line_1_15' title="bbox 319 1739 1401 1824; baseline 0.003 -17"><span class='ocrx_word' id='word_1_101' title='bbox 319 1751 437 1807; x_wconf 65' lang='lat' dir='ltr'><strong>nmen·</strong></span> <span class='ocrx_word' id='word_1_102' title='bbox 448 1739 663 1823; x_wconf 84' lang='lat' dir='ltr'><strong>respondeus,</strong></span> <span class='ocrx_word' id='word_1_103' title='bbox 678 1740 825 1820; x_wconf 86' lang='lat' dir='ltr'><strong>ipsorum</strong></span> <span class='ocrx_word' id='word_1_104' title='bbox 839 1741 952 1823; x_wconf 91' lang='lat' dir='ltr'><strong>potius</strong></span> <span class='ocrx_word' id='word_1_105' title='bbox 976 1740 1023 1804; x_wconf 92' lang='lat' dir='ltr'><strong>ait</strong></span> <span class='ocrx_word' id='word_1_106' title='bbox 1044 1741 1145 1822; x_wconf 85' lang='lat' dir='ltr'><strong>culpa</strong></span> <span class='ocrx_word' id='word_1_107' title='bbox 1157 1742 1295 1818; x_wconf 81' lang='lat' dir='ltr'><strong>tacmm,</strong></span> <span class='ocrx_word' id='word_1_108' title='bbox 1311 1742 1401 1824; x_wconf 83' lang='lat' dir='ltr'><strong>quod</strong></span> 
     </span>
     <span class='ocr_line' id='line_1_16' title="bbox 321 1837 1402 1922; baseline -0.002 -16"><span class='ocrx_word' id='word_1_109' title='bbox 321 1841 552 1917; x_wconf 82' lang='lat' dir='ltr'><strong>amicissimos,</strong></span> <span class='ocrx_word' id='word_1_110' title='bbox 572 1846 607 1904; x_wconf 89' lang='lat' dir='ltr'><strong>at</strong></span> <span class='ocrx_word' id='word_1_111' title='bbox 626 1841 760 1922; x_wconf 82' lang='lat' dir='ltr'><strong>junctos</strong></span> <span class='ocrx_word' id='word_1_112' title='bbox 780 1841 846 1904; x_wconf 85' lang='lat' dir='ltr'><strong>sibi</strong></span> <span class='ocrx_word' id='word_1_113' title='bbox 871 1841 1001 1920; x_wconf 88' lang='lat' dir='ltr'><strong>generis</strong></span> <span class='ocrx_word' id='word_1_114' title='bbox 1024 1839 1193 1917; x_wconf 87' lang='lat' dir='ltr'><strong>affinitate,</strong></span> <span class='ocrx_word' id='word_1_115' title='bbox 1214 1837 1314 1922; x_wconf 80' lang='lat' dir='ltr'><strong>regno</strong></span> <span class='ocrx_word' id='word_1_116' title='bbox 1339 1859 1402 1908; x_wconf 85' lang='lat' dir='ltr'><strong>suo</strong></span> 
     </span>
     <span class='ocr_line' id='line_1_17' title="bbox 321 1938 1402 2022; baseline -0.002 -16"><span class='ocrx_word' id='word_1_117' title='bbox 321 1941 481 2022; x_wconf 85' lang='lat' dir='ltr'><strong>appulsos</strong></span> <span class='ocrx_word' id='word_1_118' title='bbox 495 1940 714 2020; x_wconf 72' lang='lat' dir='ltr'><strong>ignoraverit:</strong></span> <span class='ocrx_word' id='word_1_119' title='bbox 727 1938 973 2022; x_wconf 78' lang='lat' dir='ltr'><strong>praemittendos</strong></span> <span class='ocrx_word' id='word_1_120' title='bbox 986 1941 1106 2004; x_wconf 87' lang='lat' dir='ltr'><strong>etenim</strong></span> <span class='ocrx_word' id='word_1_121' title='bbox 1119 1940 1236 2018; x_wconf 68' lang='lat' dir='ltr'><strong>inissa</strong></span> <span class='ocrx_word' id='word_1_122' title='bbox 1247 1960 1305 2022; x_wconf 88' lang='lat' dir='ltr'><strong>par</strong></span> <span class='ocrx_word' id='word_1_123' title='bbox 1316 1959 1402 2022; x_wconf 87' lang='lat' dir='ltr'><strong>quos</strong></span> 
     </span>
     <span class='ocr_line' id='line_1_18' title="bbox 320 2038 1403 2122; baseline 0 -20"><span class='ocrx_word' id='word_1_124' title='bbox 320 2039 456 2120; x_wconf 85' lang='lat' dir='ltr'><strong>cognito</strong></span> <span class='ocrx_word' id='word_1_125' title='bbox 471 2057 582 2103; x_wconf 87' lang='lat' dir='ltr'><strong>eornm</strong></span> <span class='ocrx_word' id='word_1_126' title='bbox 596 2038 738 2103; x_wconf 84' lang='lat' dir='ltr'><strong>adventu</strong></span> <span class='ocrx_word' id='word_1_127' title='bbox 754 2039 888 2103; x_wconf 83' lang='lat' dir='ltr'><strong>obviarn</strong></span> <span class='ocrx_word' id='word_1_128' title='bbox 903 2040 952 2102; x_wconf 89' lang='lat' dir='ltr'><strong>ire</strong></span> <span class='ocrx_word' id='word_1_129' title='bbox 970 2040 1188 2120; x_wconf 85' lang='lat' dir='ltr'><strong>gratulantem</strong></span> <span class='ocrx_word' id='word_1_130' title='bbox 1205 2041 1403 2122; x_wconf 87' lang='lat' dir='ltr'><strong>oportuerit:</strong></span> 
     </span>
     <span class='ocr_line' id='line_1_19' title="bbox 321 2138 1404 2221; baseline -0.002 -17"><span class='ocrx_word' id='word_1_131' title='bbox 321 2145 425 2220; x_wconf 86' lang='lat' dir='ltr'><strong>atque</strong></span> <span class='ocrx_word' id='word_1_132' title='bbox 452 2139 559 2206; x_wconf 87' lang='lat' dir='ltr'><strong>amice</strong></span> <span class='ocrx_word' id='word_1_133' title='bbox 586 2138 733 2220; x_wconf 86' lang='lat' dir='ltr'><strong>hospitio</strong></span> <span class='ocrx_word' id='word_1_134' title='bbox 758 2145 938 2221; x_wconf 77' lang='lat' dir='ltr'><strong>receptos,</strong></span> <span class='ocrx_word' id='word_1_135' title='bbox 952 2139 1159 2220; x_wconf 87' lang='lat' dir='ltr'><strong>donatusque</strong></span> <span class='ocrx_word' id='word_1_136' title='bbox 1182 2141 1404 2215; x_wconf 80' lang='lat' dir='ltr'><strong>muneribus,l</strong></span> 
     </span>
     <span class='ocr_line' id='line_1_20' title="bbox 321 2238 1406 2318; baseline 0 -16"><span class='ocrx_word' id='word_1_137' title='bbox 321 2257 401 2302; x_wconf 90' lang='lat' dir='ltr'><strong>cum</strong></span> <span class='ocrx_word' id='word_1_138' title='bbox 427 2238 637 2303; x_wconf 85' lang='lat' dir='ltr'><strong>commodum</strong></span> <span class='ocrx_word' id='word_1_139' title='bbox 659 2238 744 2318; x_wconf 84' lang='lat' dir='ltr'><strong>ipsis</strong></span> <span class='ocrx_word' id='word_1_140' title='bbox 761 2238 938 2314; x_wconf 85' lang='lat' dir='ltr'><strong>videretur,</strong></span> <span class='ocrx_word' id='word_1_141' title='bbox 957 2239 1130 2304; x_wconf 87' lang='lat' dir='ltr'><strong>remittere.</strong></span> <span class='ocrx_word' id='word_1_142' title='bbox 1175 2238 1330 2302; x_wconf 88' lang='lat' dir='ltr'><strong>Ceterum</strong></span> <span class='ocrx_word' id='word_1_143' title='bbox 1346 2241 1406 2302; x_wconf 89' lang='lat' dir='ltr'><strong>mi·</strong></span> 
     </span>
     <span class='ocr_line' id='line_1_21' title="bbox 321 2323 1405 2420; baseline 0 -20"><span class='ocrx_word' id='word_1_144' title='bbox 321 2335 426 2400; x_wconf 86' lang='lat' dir='ltr'><strong>liliam</strong></span> <span class='ocrx_word' id='word_1_145' title='bbox 440 2337 607 2402; x_wconf 91' lang='lat' dir='ltr'><strong>Priamum</strong></span> <span class='ocrx_word' id='word_1_146' title='bbox 620 2337 809 2400; x_wconf 82' lang='lat' dir='ltr'><strong>adrersnm¹</strong></span> <span class='ocrx_word' id='word_1_147' title='bbox 822 2355 993 2400; x_wconf 87' lang='lat' dir='ltr'><strong>recusare:</strong></span> <span class='ocrx_word' id='word_1_148' title='bbox 1005 2323 1213 2420; x_wconf 83' lang='lat' dir='ltr'><strong>Astyochen⁶</strong></span> <span class='ocrx_word' id='word_1_149' title='bbox 1228 2339 1316 2401; x_wconf 90' lang='lat' dir='ltr'><strong>enim</strong></span> <span class='ocrx_word' id='word_1_150' title='bbox 1333 2339 1405 2400; x_wconf 89' lang='lat' dir='ltr'><strong>Pri·</strong></span> 
     </span>
     <span class='ocr_line' id='line_1_22' title="bbox 322 2435 1405 2519; baseline 0.002 -19"><span class='ocrx_word' id='word_1_151' title='bbox 322 2436 439 2514; x_wconf 74' lang='lat' dir='ltr'><strong>anri,⁷y</strong></span> <span class='ocrx_word' id='word_1_152' title='bbox 456 2436 521 2500; x_wconf 86' lang='lat' dir='ltr'><strong>sibi</strong></span> <span class='ocrx_word' id='word_1_153' title='bbox 535 2435 741 2500; x_wconf 89' lang='lat' dir='ltr'><strong>matrimonio</strong></span> <span class='ocrx_word' id='word_1_154' title='bbox 753 2437 915 2518; x_wconf 90' lang='lat' dir='ltr'><strong>junctam,</strong></span> <span class='ocrx_word' id='word_1_155' title='bbox 924 2454 969 2500; x_wconf 85' lang='lat' dir='ltr'><strong>ex</strong></span> <span class='ocrx_word' id='word_1_156' title='bbox 979 2453 1046 2519; x_wconf 89' lang='lat' dir='ltr'><strong>qua</strong></span> <span class='ocrx_word' id='word_1_157' title='bbox 1061 2437 1246 2518; x_wconf 87' lang='lat' dir='ltr'><strong>Eurypylus</strong></span> <span class='ocrx_word' id='word_1_158' title='bbox 1262 2439 1405 2517; x_wconf 88' lang='lat' dir='ltr'><strong>genitus,</strong></span> 
     </span>
    </p>
   </div>
   <div class='ocr_carea' id='block_1_3' title="bbox 766 2609 951 2638">
    <p class='ocr_par' dir='ltr' id='par_1_3' title="bbox 766 2609 951 2638">
     <span class='ocr_line' id='line_1_23' title="bbox 766 2609 951 2638; baseline 0.011 -2"><span class='ocrx_word' id='word_1_159' title='bbox 766 2609 951 2638; x_wconf 57' lang='lat' dir='ltr'><strong>emmo</strong></span> 
     </span>
    </p>
   </div>
   <div class='ocr_carea' id='block_1_4' title="bbox 322 2702 1405 2809">
    <p class='ocr_par' dir='ltr' id='par_1_4' title="bbox 322 2702 1405 2809">
     <span class='ocr_line' id='line_1_24' title="bbox 322 2702 1405 2809; baseline -0.001 -18"><span class='ocrx_word' id='word_1_160' title='bbox 322 2747 421 2804; x_wconf 58' lang='lat' dir='ltr'><strong>,ua-r</strong></span> <span class='ocrx_word' id='word_1_161' title='bbox 438 2743 538 2807; x_wconf 59' lang='lat' dir='ltr'><strong>uerpn,</strong></span> <span class='ocrx_word' id='word_1_162' title='bbox 550 2744 700 2804; x_wconf 69' lang='lat' dir='ltr'><strong>aurens-⁵</strong></span> <span class='ocrx_word' id='word_1_163' title='bbox 723 2743 819 2809; x_wconf 62' lang='lat' dir='ltr'><strong>norm.</strong></span> <span class='ocrx_word' id='word_1_164' title='bbox 837 2744 994 2796; x_wconf 48' lang='lat' dir='ltr'><strong>manen-u</strong></span> <span class='ocrx_word' id='word_1_165' title='bbox 1013 2741 1110 2806; x_wconf 74' lang='lat' dir='ltr'><strong>nepa</strong></span> <span class='ocrx_word' id='word_1_166' title='bbox 1128 2702 1325 2804; x_wconf 62' lang='lat' dir='ltr'><strong>sanam.ss-r</strong></span> <span class='ocrx_word' id='word_1_167' title='bbox 1342 2743 1405 2791; x_wconf 79' lang='lat' dir='ltr'><strong>non</strong></span> 
     </span>
    </p>
   </div>
   <div class='ocr_carea' id='block_1_5' title="bbox 813 2915 923 2970">
    <p class='ocr_par' dir='ltr' id='par_1_5' title="bbox 813 2915 923 2970">
     <span class='ocr_line' id='line_1_25' title="bbox 813 2915 923 2970; baseline -0.009 -1"><span class='ocrx_word' id='word_1_168' title='bbox 813 2915 923 2970; x_wconf 78' lang='lat' dir='ltr'><strong>NOTAE</strong></span> 
     </span>
    </p>
   </div>
   <div class='ocr_carea' id='block_1_6' title="bbox 353 3025 1512 3092">
    <p class='ocr_par' dir='ltr' id='par_1_6' title="bbox 353 3025 1512 3092">
     <span class='ocr_line' id='line_1_26' title="bbox 353 3025 1512 3092; baseline 0.001 -17"><span class='ocrx_word' id='word_1_169' title='bbox 353 3025 480 3076; x_wconf 68' lang='lat' dir='ltr'><strong>tFtuaciu</strong></span> <span class='ocrx_word' id='word_1_170' title='bbox 499 3027 657 3092; x_wconf 58' lang='lat' dir='ltr'><strong>cauernae]</strong></span> <span class='ocrx_word' id='word_1_171' title='bbox 685 3029 753 3080; x_wconf 86' lang='lat' dir='ltr'><strong>Nam</strong></span> <span class='ocrx_word' id='word_1_172' title='bbox 771 3029 844 3079; x_wconf 82' lang='lat' dir='ltr'><strong>&#39;l&#39;ele-</strong></span> <span class='ocrx_word' id='word_1_173' title='bbox 883 3029 1024 3079; x_wconf 87' lang='lat' dir='ltr'><strong>Herculem</strong></span> <span class='ocrx_word' id='word_1_174' title='bbox 1034 3029 1094 3078; x_wconf 85' lang='lat' dir='ltr'><strong>olim</strong></span> <span class='ocrx_word' id='word_1_175' title='bbox 1104 3027 1180 3078; x_wconf 80' lang='lat' dir='ltr'><strong>ilium</strong></span> <span class='ocrx_word' id='word_1_176' title='bbox 1189 3025 1328 3087; x_wconf 80' lang='lat' dir='ltr'><strong>obsedisse,</strong></span> <span class='ocrx_word' id='word_1_177' title='bbox 1341 3025 1406 3076; x_wconf 85' lang='lat' dir='ltr'><strong>Lao·</strong></span> <span class='ocrx_word' id='word_1_178' title='bbox 1511 3029 1512 3042; x_wconf 65' lang='lat'>¹</span> 
     </span>
    </p>
   </div>
   <div class='ocr_carea' id='block_1_7' title="bbox 322 3101 1281 3170">
    <p class='ocr_par' dir='ltr' id='par_1_7' title="bbox 322 3101 1281 3170">
     <span class='ocr_line' id='line_1_27' title="bbox 322 3101 1281 3170; baseline 0 -22"><span class='ocrx_word' id='word_1_179' title='bbox 322 3101 386 3164; x_wconf 78' lang='lat' dir='ltr'><strong>plius</strong></span> <span class='ocrx_word' id='word_1_180' title='bbox 402 3116 488 3151; x_wconf 88' lang='lat' dir='ltr'><strong>eorum</strong></span> <span class='ocrx_word' id='word_1_181' title='bbox 507 3109 563 3152; x_wconf 84' lang='lat' dir='ltr'><strong>erat</strong></span> <span class='ocrx_word' id='word_1_182' title='bbox 581 3105 732 3162; x_wconf 78' lang='lat' dir='ltr'><strong>avunculus,</strong></span> <span class='ocrx_word' id='word_1_183' title='bbox 751 3117 845 3170; x_wconf 80' lang='lat' dir='ltr'><strong>nempe</strong></span> <span class='ocrx_word' id='word_1_184' title='bbox 882 3105 1028 3156; x_wconf 86' lang='lat' dir='ltr'><strong>medontam</strong></span> <span class='ocrx_word' id='word_1_185' title='bbox 1040 3101 1218 3152; x_wconf 79' lang='lat' dir='ltr'><strong>interfecisse?</strong></span> <span class='ocrx_word' id='word_1_186' title='bbox 1235 3101 1281 3148; x_wconf 76' lang='lat' dir='ltr'><strong>&amp;a</strong></span> 
     </span>
    </p>
   </div>
   <div class='ocr_carea' id='block_1_8' title="bbox 320 3151 1512 3242">
    <p class='ocr_par' dir='ltr' id='par_1_8' title="bbox 320 3151 1512 3242">
     <span class='ocr_line' id='line_1_28' title="bbox 320 3151 1512 3242; baseline -0.005 -18"><span class='ocrx_word' id='word_1_187' title='bbox 320 3174 402 3224; x_wconf 79' lang='lat' dir='ltr'><strong>frater</strong></span> <span class='ocrx_word' id='word_1_188' title='bbox 411 3176 536 3240; x_wconf 72' lang='lat' dir='ltr'><strong>Thessali,</strong></span> <span class='ocrx_word' id='word_1_189' title='bbox 547 3191 635 3228; x_wconf 86' lang='lat' dir='ltr'><strong>eornm</strong></span> <span class='ocrx_word' id='word_1_190' title='bbox 647 3179 737 3242; x_wconf 85' lang='lat' dir='ltr'><strong>patris.</strong></span> <span class='ocrx_word' id='word_1_191' title='bbox 914 3187 930 3212; x_wconf 72' lang='lat'><strong>⁸¹</strong></span> <span class='ocrx_word' id='word_1_192' title='bbox 947 3179 1097 3240; x_wconf 65' lang='lat' dir='ltr'><strong>naaman</strong></span> <span class='ocrx_word' id='word_1_193' title='bbox 1107 3173 1252 3230; x_wconf 64' lang='lat' dir='ltr'><strong>mumius]</strong></span> <span class='ocrx_word' id='word_1_194' title='bbox 1267 3173 1333 3220; x_wconf 72' lang='lat' dir='ltr'><strong>Quen</strong></span> <span class='ocrx_word' id='word_1_195' title='bbox 1349 3173 1406 3220; x_wconf 86' lang='lat' dir='ltr'><strong>ideo</strong></span> <span class='ocrx_word' id='word_1_196' title='bbox 1511 3151 1512 3218; x_wconf 75' lang='lat' dir='ltr'>ss</span> 
     </span>
    </p>
   </div>
   <div class='ocr_carea' id='block_1_9' title="bbox 320 3241 1406 3380">
    <p class='ocr_par' dir='ltr' id='par_1_9' title="bbox 320 3241 1406 3380">
     <span class='ocr_line' id='line_1_29' title="bbox 324 3241 1406 3312; baseline -0.007 -11"><span class='ocrx_word' id='word_1_197' title='bbox 324 3277 326 3283; x_wconf 57' lang='lat'><strong><em>¹</em></strong></span> <span class='ocrx_word' id='word_1_198' title='bbox 353 3251 437 3300; x_wconf 70' lang='lat' dir='ltr'><strong>&#39;Nem</strong></span> <span class='ocrx_word' id='word_1_199' title='bbox 448 3250 535 3300; x_wconf 68' lang='lat' dir='ltr'><strong>alim</strong></span> <span class='ocrx_word' id='word_1_200' title='bbox 549 3254 655 3312; x_wconf 57' lang='lat' dir='ltr'><strong>emeda]</strong></span> <span class='ocrx_word' id='word_1_201' title='bbox 675 3255 741 3300; x_wconf 79' lang='lat' dir='ltr'><strong>Nam</strong></span> <span class='ocrx_word' id='word_1_202' title='bbox 751 3254 843 3300; x_wconf 70' lang='lat' dir='ltr'><strong>Tanta·</strong></span> <span class='ocrx_word' id='word_1_203' title='bbox 884 3241 1406 3304; x_wconf 77' lang='lat' dir='ltr'><strong>Xeniudiccbarrtur,quoddarenturHos·</strong></span> 
     </span>
     <span class='ocr_line' id='line_1_30' title="bbox 320 3314 1277 3380; baseline -0.005 -13"><span class='ocrx_word' id='word_1_204' title='bbox 320 3323 361 3367; x_wconf 84' lang='lat' dir='ltr'><strong>lus</strong></span> <span class='ocrx_word' id='word_1_205' title='bbox 377 3319 481 3380; x_wconf 81' lang='lat' dir='ltr'><strong>Pelopia</strong></span> <span class='ocrx_word' id='word_1_206' title='bbox 498 3332 599 3379; x_wconf 81' lang='lat' dir='ltr'><strong>pareus,</strong></span> <span class='ocrx_word' id='word_1_207' title='bbox 614 3321 686 3367; x_wconf 82' lang='lat' dir='ltr'><strong>Jovis</strong></span> <span class='ocrx_word' id='word_1_208' title='bbox 703 3321 770 3364; x_wconf 78' lang='lat' dir='ltr'><strong>filiu·</strong></span> <span class='ocrx_word' id='word_1_209' title='bbox 784 3321 844 3380; x_wconf 77' lang='lat' dir='ltr'><strong>fuir,</strong></span> <span class='ocrx_word' id='word_1_210' title='bbox 880 3319 986 3378; x_wconf 85' lang='lat' dir='ltr'><strong>pltibne,</strong></span> <span class='ocrx_word' id='word_1_211' title='bbox 996 3317 1038 3379; x_wconf 88' lang='lat' dir='ltr'><strong>qui</strong></span> <span class='ocrx_word' id='word_1_212' title='bbox 1048 3314 1147 3363; x_wconf 75' lang='lat' dir='ltr'><strong>Gracia</strong></span> <span class='ocrx_word' id='word_1_213' title='bbox 1159 3314 1277 3364; x_wconf 82' lang='lat' dir='ltr'><strong>‘Xenoi&#39;</strong></span> 
     </span>
    </p>
   </div>
   <div class='ocr_carea' id='block_1_10' title="bbox 321 3388 1405 3834">
    <p class='ocr_par' dir='ltr' id='par_1_10' title="bbox 321 3388 1405 3834">
     <span class='ocr_line' id='line_1_31' title="bbox 321 3388 1404 3454; baseline 0 -13"><span class='ocrx_word' id='word_1_214' title='bbox 321 3397 349 3441; x_wconf 81' lang='lat' dir='ltr'><strong>et</strong></span> <span class='ocrx_word' id='word_1_215' title='bbox 366 3393 402 3439; x_wconf 87' lang='lat' dir='ltr'><strong>ita</strong></span> <span class='ocrx_word' id='word_1_216' title='bbox 420 3389 498 3439; x_wconf 79' lang='lat' dir='ltr'><strong>trater</strong></span> <span class='ocrx_word' id='word_1_217' title='bbox 510 3389 692 3454; x_wconf 80' lang='lat' dir='ltr'><strong>Herculia,qni</strong></span> <span class='ocrx_word' id='word_1_218' title='bbox 702 3388 843 3452; x_wconf 79' lang='lat' dir='ltr'><strong>Telephum</strong></span> <span class='ocrx_word' id='word_1_219' title='bbox 912 3397 925 3422; x_wconf 89' lang='lat'>¹</span> <span class='ocrx_word' id='word_1_220' title='bbox 941 3389 1065 3438; x_wconf 79' lang='lat' dir='ltr'><strong>Priamum</strong></span> <span class='ocrx_word' id='word_1_221' title='bbox 1082 3389 1217 3452; x_wconf 63' lang='lat' dir='ltr'><strong>adamum]</strong></span> <span class='ocrx_word' id='word_1_222' title='bbox 1234 3389 1298 3452; x_wconf 85' lang='lat' dir='ltr'><strong>Pro,</strong></span> <span class='ocrx_word' id='word_1_223' title='bbox 1315 3392 1404 3441; x_wconf 71' lang='lat' dir='ltr'><strong>aulear-</strong></span> 
     </span>
     <span class='ocr_line' id='line_1_32' title="bbox 322 3463 1404 3530; baseline 0.001 -15"><span class='ocrx_word' id='word_1_224' title='bbox 322 3465 445 3528; x_wconf 82' lang='lat' dir='ltr'><strong>ruecepit.</strong></span> <span class='ocrx_word' id='word_1_225' title='bbox 480 3464 562 3527; x_wconf 88' lang='lat' dir='ltr'><strong>Igitur</strong></span> <span class='ocrx_word' id='word_1_226' title='bbox 572 3464 703 3528; x_wconf 78' lang='lat' dir='ltr'><strong>Pelopset</strong></span> <span class='ocrx_word' id='word_1_227' title='bbox 714 3463 843 3526; x_wconf 81' lang='lat' dir='ltr'><strong>Telephus</strong></span> <span class='ocrx_word' id='word_1_228' title='bbox 879 3476 935 3514; x_wconf 82' lang='lat' dir='ltr'><strong>rum</strong></span> <span class='ocrx_word' id='word_1_229' title='bbox 954 3464 1099 3515; x_wconf 72' lang='lat' dir='ltr'><strong>Priamum</strong></span> <span class='ocrx_word' id='word_1_230' title='bbox 1114 3465 1152 3513; x_wconf 83' lang='lat' dir='ltr'><strong>sic</strong></span> <span class='ocrx_word' id='word_1_231' title='bbox 1169 3478 1255 3528; x_wconf 77' lang='lat' dir='ltr'><strong>supra,</strong></span> <span class='ocrx_word' id='word_1_232' title='bbox 1269 3469 1404 3530; x_wconf 81' lang='lat' dir='ltr'><strong>‘quenad-</strong></span> 
     </span>
     <span class='ocr_line' id='line_1_33' title="bbox 322 3537 1326 3604; baseline -0.001 -13"><span class='ocrx_word' id='word_1_233' title='bbox 322 3541 475 3592; x_wconf 83' lang='lat' dir='ltr'><strong>coneobrini.</strong></span> <span class='ocrx_word' id='word_1_234' title='bbox 492 3541 667 3604; x_wconf 84' lang='lat' dir='ltr'><strong>Agamemnon</strong></span> <span class='ocrx_word' id='word_1_235' title='bbox 677 3555 736 3591; x_wconf 86' lang='lat' dir='ltr'><strong>vero</strong></span> <span class='ocrx_word' id='word_1_236' title='bbox 747 3545 775 3590; x_wconf 85' lang='lat' dir='ltr'><strong>at</strong></span> <span class='ocrx_word' id='word_1_237' title='bbox 785 3541 842 3590; x_wconf 84' lang='lat' dir='ltr'><strong>Me·</strong></span> <span class='ocrx_word' id='word_1_238' title='bbox 882 3537 1000 3604; x_wconf 57' lang='lat' dir='ltr'><strong>veranus</strong></span> <span class='ocrx_word' id='word_1_239' title='bbox 1017 3552 1064 3602; x_wconf 90' lang='lat' dir='ltr'><strong>pro</strong></span> <span class='ocrx_word' id='word_1_240' title='bbox 1079 3538 1234 3590; x_wconf 79' lang='lat' dir='ltr'><strong>‘adversum</strong></span> <span class='ocrx_word' id='word_1_241' title='bbox 1245 3542 1326 3602; x_wconf 83' lang='lat' dir='ltr'><strong>quoa’</strong></span> 
     </span>
     <span class='ocr_line' id='line_1_34' title="bbox 322 3610 1404 3681; baseline 0.001 -16"><span class='ocrx_word' id='word_1_242' title='bbox 322 3619 410 3666; x_wconf 84' lang='lat' dir='ltr'><strong>rrelans</strong></span> <span class='ocrx_word' id='word_1_243' title='bbox 441 3615 584 3665; x_wconf 78' lang='lat' dir='ltr'><strong>Plinthenia</strong></span> <span class='ocrx_word' id='word_1_244' title='bbox 613 3614 668 3681; x_wconf 83' lang='lat' dir='ltr'><strong>filii,</strong></span> <span class='ocrx_word' id='word_1_245' title='bbox 699 3614 842 3667; x_wconf 80' lang='lat' dir='ltr'><strong>Plisthenes</strong></span> <span class='ocrx_word' id='word_1_246' title='bbox 913 3610 1073 3676; x_wconf 68' lang='lat' dir='ltr'><strong>rasuera</strong></span> <span class='ocrx_word' id='word_1_247' title='bbox 1093 3613 1154 3664; x_wconf 67' lang='lat' dir='ltr'><strong>man</strong></span> <span class='ocrx_word' id='word_1_248' title='bbox 1177 3613 1282 3676; x_wconf 68' lang='lat' dir='ltr'><strong>Pumni]</strong></span> <span class='ocrx_word' id='word_1_249' title='bbox 1314 3616 1404 3666; x_wconf 83' lang='lat' dir='ltr'><strong>Filiam</strong></span> 
     </span>
     <span class='ocr_line' id='line_1_35' title="bbox 322 3685 1403 3753; baseline -0.002 -12"><span class='ocrx_word' id='word_1_250' title='bbox 322 3693 407 3753; x_wconf 84' lang='lat' dir='ltr'><strong>Atrei,</strong></span> <span class='ocrx_word' id='word_1_251' title='bbox 418 3691 510 3740; x_wconf 79' lang='lat' dir='ltr'><strong>Atreus</strong></span> <span class='ocrx_word' id='word_1_252' title='bbox 521 3690 632 3753; x_wconf 87' lang='lat' dir='ltr'><strong>Pelopia.</strong></span> <span class='ocrx_word' id='word_1_253' title='bbox 882 3685 990 3738; x_wconf 83' lang='lat' dir='ltr'><strong>scilicet.</strong></span> <span class='ocrx_word' id='word_1_254' title='bbox 1024 3685 1061 3739; x_wconf 79' lang='lat' dir='ltr'><strong>At</strong></span> <span class='ocrx_word' id='word_1_255' title='bbox 1069 3687 1174 3751; x_wconf 82' lang='lat' dir='ltr'><strong>Telephi</strong></span> <span class='ocrx_word' id='word_1_256' title='bbox 1184 3688 1287 3752; x_wconf 86' lang='lat' dir='ltr'><strong>quidem</strong></span> <span class='ocrx_word' id='word_1_257' title='bbox 1298 3703 1403 3739; x_wconf 85' lang='lat' dir='ltr'><strong>uxorem</strong></span> 
     </span>
     <span class='ocr_line' id='line_1_36' title="bbox 354 3761 1405 3834; baseline 0 -20"><span class='ocrx_word' id='word_1_258' title='bbox 354 3775 366 3798; x_wconf 74' lang='lat'><em>¹</em></span> <span class='ocrx_word' id='word_1_259' title='bbox 384 3767 412 3815; x_wconf 83' lang='lat' dir='ltr'><strong>la</strong></span> <span class='ocrx_word' id='word_1_260' title='bbox 424 3781 520 3829; x_wconf 80' lang='lat' dir='ltr'><strong>quorum</strong></span> <span class='ocrx_word' id='word_1_261' title='bbox 528 3765 644 3828; x_wconf 73' lang='lat' dir='ltr'><strong>grutam]</strong></span> <span class='ocrx_word' id='word_1_262' title='bbox 663 3765 709 3817; x_wconf 88' lang='lat' dir='ltr'><strong>Ait</strong></span> <span class='ocrx_word' id='word_1_263' title='bbox 716 3765 842 3834; x_wconf 83' lang='lat' dir='ltr'><strong>plurimes</strong></span> <span class='ocrx_word' id='word_1_264' title='bbox 883 3761 1031 3827; x_wconf 80' lang='lat' dir='ltr'><strong>Astyochea</strong></span> <span class='ocrx_word' id='word_1_265' title='bbox 1043 3771 1119 3815; x_wconf 84' lang='lat' dir='ltr'><strong>vocat</strong></span> <span class='ocrx_word' id='word_1_266' title='bbox 1138 3763 1256 3816; x_wconf 81' lang='lat' dir='ltr'><strong>Euatatlr.</strong></span> <span class='ocrx_word' id='word_1_267' title='bbox 1270 3763 1296 3811; x_wconf 90' lang='lat' dir='ltr'><strong>iu</strong></span> <span class='ocrx_word' id='word_1_268' title='bbox 1308 3763 1405 3828; x_wconf 84' lang='lat' dir='ltr'><strong>Odyse.</strong></span> 
     </span>
    </p>
   </div>
   <div class='ocr_carea' id='block_1_11' title="bbox 216 3839 1405 3904">
    <p class='ocr_par' dir='ltr' id='par_1_11' title="bbox 216 3839 1405 3904">
     <span class='ocr_line' id='line_1_37' title="bbox 216 3839 1405 3904; baseline 0.003 -18"><span class='ocrx_word' id='word_1_269' title='bbox 216 3855 218 3860; x_wconf 63' lang='grc'>’</span> <span class='ocrx_word' id='word_1_270' title='bbox 322 3839 842 3904; x_wconf 78' lang='lat' dir='ltr'><strong>laborariogratiamGraecornnrabller·</strong></span> <span class='ocrx_word' id='word_1_271' title='bbox 882 3846 909 3887; x_wconf 82' lang='lat' dir='ltr'><strong>lt.</strong></span> <span class='ocrx_word' id='word_1_272' title='bbox 939 3840 991 3889; x_wconf 80' lang='lat' dir='ltr'><strong>Sed</strong></span> <span class='ocrx_word' id='word_1_273' title='bbox 1003 3855 1059 3890; x_wconf 84' lang='lat' dir='ltr'><strong>eum</strong></span> <span class='ocrx_word' id='word_1_274' title='bbox 1070 3839 1168 3894; x_wconf 83' lang='lat' dir='ltr'><strong>Priami</strong></span> <span class='ocrx_word' id='word_1_275' title='bbox 1178 3853 1300 3899; x_wconf 82' lang='lat' dir='ltr'><strong>sororem,</strong></span> <span class='ocrx_word' id='word_1_276' title='bbox 1312 3854 1363 3889; x_wconf 89' lang='lat' dir='ltr'><strong>non</strong></span> <span class='ocrx_word' id='word_1_277' title='bbox 1375 3841 1405 3889; x_wconf 85' lang='lat' dir='ltr'><strong>n.</strong></span> 
     </span>
    </p>
   </div>
   <div class='ocr_carea' id='block_1_12' title="bbox 323 3913 1403 4132">
    <p class='ocr_par' dir='ltr' id='par_1_12' title="bbox 323 3913 1403 4132">
     <span class='ocr_line' id='line_1_38' title="bbox 323 3913 1403 3978; baseline 0.005 -17"><span class='ocrx_word' id='word_1_278' title='bbox 323 3915 379 3961; x_wconf 83' lang='lat' dir='ltr'><strong>cole</strong></span> <span class='ocrx_word' id='word_1_279' title='bbox 389 3919 541 3977; x_wconf 79' lang='lat' dir='ltr'><strong>exantlatos,</strong></span> <span class='ocrx_word' id='word_1_280' title='bbox 554 3921 583 3964; x_wconf 88' lang='lat' dir='ltr'><strong>ut</strong></span> <span class='ocrx_word' id='word_1_281' title='bbox 592 3916 624 3963; x_wconf 86' lang='lat' dir='ltr'><strong>ab</strong></span> <span class='ocrx_word' id='word_1_282' title='bbox 633 3917 750 3978; x_wconf 83' lang='lat' dir='ltr'><strong>exemplo</strong></span> <span class='ocrx_word' id='word_1_283' title='bbox 762 3913 842 3976; x_wconf 84' lang='lat' dir='ltr'><strong>patris</strong></span> <span class='ocrx_word' id='word_1_284' title='bbox 882 3916 941 3972; x_wconf 86' lang='lat' dir='ltr'><strong>liam</strong></span> <span class='ocrx_word' id='word_1_285' title='bbox 953 3915 1023 3966; x_wconf 85' lang='lat' dir='ltr'><strong>dicit.</strong></span> <span class='ocrx_word' id='word_1_286' title='bbox 1051 3915 1104 3964; x_wconf 85' lang='lat' dir='ltr'><strong>Alii</strong></span> <span class='ocrx_word' id='word_1_287' title='bbox 1115 3915 1198 3965; x_wconf 81' lang='lat' dir='ltr'><strong>verius</strong></span> <span class='ocrx_word' id='word_1_288' title='bbox 1207 3929 1263 3963; x_wconf 84' lang='lat' dir='ltr'><strong>eam</strong></span> <span class='ocrx_word' id='word_1_289' title='bbox 1273 3913 1403 3966; x_wconf 84' lang='lat' dir='ltr'><strong>Laodicen</strong></span> 
     </span>
     <span class='ocr_line' id='line_1_39' title="bbox 323 3986 1402 4054; baseline 0.007 -23"><span class='ocrx_word' id='word_1_290' title='bbox 323 3988 526 4038; x_wconf 71' lang='lat' dir='ltr'><strong>earminmilitiae</strong></span> <span class='ocrx_word' id='word_1_291' title='bbox 544 3993 692 4040; x_wconf 83' lang='lat' dir='ltr'><strong>societatem</strong></span> <span class='ocrx_word' id='word_1_292' title='bbox 711 3989 842 4054; x_wconf 84' lang='lat' dir='ltr'><strong>pertrahe·</strong></span> <span class='ocrx_word' id='word_1_293' title='bbox 882 3996 984 4052; x_wconf 86' lang='lat' dir='ltr'><strong>vocant,</strong></span> <span class='ocrx_word' id='word_1_294' title='bbox 1010 4003 1084 4054; x_wconf 87' lang='lat' dir='ltr'><strong>quam</strong></span> <span class='ocrx_word' id='word_1_295' title='bbox 1106 3987 1202 4038; x_wconf 84' lang='lat' dir='ltr'><strong>Priami</strong></span> <span class='ocrx_word' id='word_1_296' title='bbox 1223 3987 1299 4038; x_wconf 84' lang='lat' dir='ltr'><strong>filiam</strong></span> <span class='ocrx_word' id='word_1_297' title='bbox 1321 3986 1402 4039; x_wconf 82' lang='lat' dir='ltr'><strong>fuisse</strong></span> 
     </span>
     <span class='ocr_line' id='line_1_40' title="bbox 324 4060 1149 4132; baseline 0.006 -25"><span class='ocrx_word' id='word_1_298' title='bbox 324 4067 372 4107; x_wconf 84' lang='lat' dir='ltr'><strong>ret.</strong></span> <span class='ocrx_word' id='word_1_299' title='bbox 400 4060 449 4112; x_wconf 79' lang='lat' dir='ltr'><strong>sen</strong></span> <span class='ocrx_word' id='word_1_300' title='bbox 461 4080 506 4113; x_wconf 85' lang='lat' dir='ltr'><strong>eur</strong></span> <span class='ocrx_word' id='word_1_301' title='bbox 518 4080 566 4113; x_wconf 88' lang='lat' dir='ltr'><strong>nnn</strong></span> <span class='ocrx_word' id='word_1_302' title='bbox 580 4065 662 4126; x_wconf 82' lang='lat' dir='ltr'><strong>potius</strong></span> <span class='ocrx_word' id='word_1_303' title='bbox 674 4066 733 4126; x_wconf 78' lang='lat' dir='ltr'><strong>ista,</strong></span> <span class='ocrx_word' id='word_1_304' title='bbox 743 4064 843 4116; x_wconf 84' lang='lat' dir='ltr'><strong>scilicet</strong></span> <span class='ocrx_word' id='word_1_305' title='bbox 882 4078 970 4116; x_wconf 83' lang='lat' dir='ltr'><strong>omnes</strong></span> <span class='ocrx_word' id='word_1_306' title='bbox 980 4063 1149 4132; x_wconf 76' lang='lat' dir='ltr'><strong>consentiunt.</strong></span> 
     </span>
    </p>
   </div>
   <div class='ocr_carea' id='block_1_13' title="bbox 0 0 1522 4900">
    <p class='ocr_par' dir='ltr' id='par_1_13' title="bbox 0 0 1522 4900">
     <span class='ocr_line' id='line_1_41' title="bbox 0 0 1522 4900; baseline 0 0"><span class='ocrx_word' id='word_1_307' title='bbox 0 0 1522 4900; x_wconf 95' lang='lat' dir='ltr'><strong> </strong></span> 
     </span>
    </p>
   </div>
  </div>
 </body>
</html>
