3052 4900
317 281 382 352 Μ
686 291 848 344 ussurus
872 287 1031 340 rnnrcn

317 457 440 516 ronrm,
455 437 486 502 ri
500 441 614 502 contra
628 435 800 520 imperium
815 438 1012 498 conarentur
1023 411 1222 516 permanere,¹
1236 447 1280 494 ne
1291 423 1402 516 oppri-

317 547 498 604 merentur:
524 557 600 602 cum
615 537 682 620 ipsi
696 554 761 599 uon
774 539 885 600 esseut
899 533 1009 618 parati
1031 532 1075 597 ad
1097 531 1333 615 praeliandum,
1349 553 1404 598 na-

317 639 384 704 vim
406 637 681 714 conscenderunt,
703 653 724 700 a
747 642 835 700 terra
860 638 1078 710 recesserunt,
1094 631 1243 698 Colchos
1267 634 1406 716 profecti

317 747 406 818 sunt,
421 739 543 823 pellem
558 737 779 814 abstulerunt,
801 733 934 801 domum
956 734 1080 798 reversi
1103 739 1191 798 sunt
1234 733 1297 816 [3.]
1320 734 1405 798 Her-

317 839 411 906 cules
426 839 565 922 graviter
579 837 656 902 tulit
678 856 700 901 a
721 855 797 919 rege
817 834 1040 901 Laomedonte
1063 835 1307 900 contumeliose
1333 853 1406 899 sese

318 937 695 1020 montanensem
717 955 785 1000 uua
806 935 946 1020 profecti
968 943 1066 1000 eraut
1087 935 1233 1001 Colchos
1255 955 1330 999 cum
1344 935 1407 999 Ja-

317 1059 408 1117 soue,
424 1039 646 1123 Spartamque
667 1037 711 1102 ad
734 1037 908 1103 Castorem
933 1041 967 1102 et
988 1034 1164 1101 Pollucem
1179 1035 1278 1100 veuit.
1321 1033 1406 1116 Agit

316 1162 393 1208 cum
408 1141 472 1219 his,
493 1145 530 1204 ut
550 1157 664 1204 secum
686 1157 769 1204 suas
782 1139 921 1225 iujurias
935 1135 1124 1213 defendant,
1146 1155 1189 1200 ne
1213 1135 1404 1200 Laomedon

317 1244 453 1328 impune
483 1242 578 1320 ierat,
610 1241 703 1326 quod
726 1241 803 1306 illos
832 1261 854 1306 a
875 1245 962 1305 terra
986 1245 1023 1304 et
1047 1244 1148 1321 portu
1171 1236 1405 1321 prohibuisset.

318 1343 448 1410 Multos
477 1341 645 1425 adjutores
674 1339 757 1408 dicit
784 1342 922 1419 iuturoa,
955 1339 985 1404 si
1013 1357 1050 1404 se
1079 1327 1406 1402 accommodassent.

317 1445 436 1510 Castor
447 1449 483 1506 et
497 1442 623 1506 Pollux
636 1443 750 1508 omnia
773 1443 995 1526 promiserunt
1010 1459 1047 1504 se
1061 1439 1209 1504 facturos
1224 1446 1313 1516 esse,
1328 1457 1405 1522 qnae

317 1543 483 1608 Herculea
498 1541 609 1607 vellet
654 1541 709 1606 Ab
733 1542 786 1608 hia
812 1541 1014 1606 Salaminam
1040 1539 1221 1624 profectus,
1241 1540 1287 1604 ad
1308 1537 1408 1604 Tela·

316 1661 444 1706 monem
459 1643 548 1710 venit
558 1639 590 1708 2¹
613 1649 709 1726 rogat
723 1661 799 1708 eum
814 1650 852 1707 ut
865 1659 977 1706 secum
992 1641 1036 1705 ad
1046 1640 1182 1724 Trojam
1198 1646 1265 1718 eat,
1277 1647 1311 1704 et
1324 1659 1405 1704 snas

317 1741 455 1827 injurias
477 1761 593 1810 eccum
617 1741 783 1810 defendat.
825 1742 990 1809 Telamon
1012 1741 1165 1825 promisit
1190 1742 1346 1807 omnibns
1370 1759 1406 1804 se

316 1851 480 1930 paratum,
495 1865 570 1929 quae
585 1845 753 1910 Herculea
767 1843 882 1909 vellet.
926 1841 1011 1907 Inde
1026 1842 1117 1925 apud
1137 1840 1309 1908 Phthiam¹
1331 1862 1405 1926 pro·

316 1947 423 2010 iectus
437 1953 490 2010 est
504 1946 547 2010 ad
564 1945 713 2024 Peleum,
733 1953 896 2031 rogatque
910 1961 985 2008 oum
998 1949 1036 2008 ut
1050 1962 1165 2007 secum
1180 1951 1239 2009 eat
1255 1945 1298 2008 ad
1319 1945 1404 2008 Tro-

310 2045 400 2128 jam:
423 2045 662 2132 pollicitusque
677 2047 773 2111 estoi
788 2046 911 2112 Peleus
925 2065 962 2111 se
986 2045 1122 2110 iturum.
1169 2044 1255 2110 Inde
1279 2044 1400 2129 Pylnm

315 2145 358 2212 ad
376 2145 553 2214 Nestorem
562 2155 582 2184 “¹
596 2147 765 2232 proiectus
777 2155 852 2228 est;
867 2152 961 2230 rogat
976 2166 1053 2212 eum
1071 2146 1195 2214 Nestor
1209 2146 1291 2230 quid
1306 2166 1422 2210 vene-¹

316 2249 368 2314 rit.
412 2248 578 2314 Hercules
594 2248 687 2325 dicit,
703 2247 792 2330 quod
807 2248 921 2313 dolore
937 2251 1124 2312 commotus
1141 2249 1196 2325 sit,
1211 2246 1318 2311 velle³
1342 2256 1403 2311 sen

315 2350 495 2414 exercitum
508 2350 541 2412 iu
557 2349 735 2433 Phrygiam
751 2351 883 2416 ducere.
929 2349 1055 2414 Nestor
1071 2349 1255 2414 Herculem
1277 2349 1404 2414 collon·

316 2447 419 2527 davit,
434 2467 635 2534 operamque
651 2469 746 2514 snam
763 2451 936 2533 pollicitus
950 2459 1012 2516 est.
1047 2451 1214 2515 Hercules
1228 2451 1287 2515 nbi
1301 2451 1406 2514 omui-

316 2567 372 2612 um
395 2550 584 2616 voluntates
607 2551 785 2629 intellexit,
807 2570 910 2617 nares
928 2567 998 2615 xrr.
1021 2557 1143 2636 parnt,⁰
1163 2551 1285 2616 milites
1301 2552 1403 2633 eligit.

318 2649 388 2718 Ubi
403 2657 537 2738 tempus
549 2653 665 2718 datum
689 2663 742 2720 est
763 2652 1011 2738 proficiscendi,
1036 2655 1147 2720 literas
1167 2653 1210 2718 ad
1233 2673 1295 2718 eos
1318 2657 1403 2736 qnos

348 2975 458 3024 sverm
471 2975 563 3040 napa.
626 2991 630 3000 ·

808 3177 915 3230 NO'PAE

348 3298 359 3333 ¹¹
382 3299 422 3350 Ad
451 3299 596 3350 Polemonos
625 3301 702 3366 mn]
737 3303 844 3358 Pludrr.
914 3305 1011 3354 *Velie
1022 3300 1113 3368 [uellet]
1123 3301 1160 3365 re]
1180 3302 1347 3366 Lege‘velle
1361 3303 1404 3353 re.’

316 3377 407 3428 lathm.
423 3377 450 3424 d.
472 3375 539 3424 'm'
560 3374 670 3426 Aialon
691 3378 783 3429 ruder
804 3381 843 3430 ἰς
912 3387 924 3412 ⁰
944 3381 1021 3430 Nem
1038 3379 1104 3428 xri.
1120 3376 1201 3443 pont]
1226 3377 1278 3427 Alii
1300 3379 1405 3428 tradunt

315 3451 391 3501 πλόον
401 3447 484 3512 κάρυξε
495 3448 588 3499 πέπον
598 3451 743 3512 δαινυμένων.
767 3455 842 3506 Ἐι-
880 3453 1021 3504 Herculem
1027 3453 1130 3516 ‘trojan
1139 3454 1283 3516 navigasse,
1294 3467 1351 3503 cnm
1363 3467 1405 3502 na·

314 3529 397 3578 eidem
417 3533 502 3575 autem
519 3525 628 3575 inultam
640 3526 682 3576 Ad
699 3530 840 3594 navigatio·
879 3529 952 3578 ribos
965 3543 1048 3580 xvur.
1065 3527 1212 3592 Apollodor.
1231 3541 1264 3577 rr.
1284 3528 1329 3576 alii
1347 3519 1403 3577 cunr

315 3619 373 3655 nem
381 3601 472 3655 citarit
482 3600 598 3651 omnibus
610 3603 790 3664 epulantibus?
878 3604 938 3652 tolia
950 3602 1055 3652 navibus
1065 3617 1120 3651 sax.
1134 3601 1210 3651 ilem.
1221 3601 1254 3652 ll.
1264 3607 1292 3651 n.
1304 3601 1349 3662 Ἓξ
1357 3602 1405 3666 cipe

344 3679 351 3713 ¹
371 3677 494 3742 Pinnae]
516 3677 539 3725 ll
552 3675 655 3740 regione
665 3676 758 3740 Penei,
762 3680 840 3744 juata
876 3677 994 3738 clamori
1003 3677 1041 3727 nal
1052 3676 1148 3742 ἀνδράσι
1156 3675 1325 3740 παυροτέροισι,
1333 3677 1404 3726 ’πλέον

314 3755 485 3820 Magnesiam.
879 3751 1008 3818 ἐξαλάπαξε
1034 3753 1114 3812 πόλιν,
1140 3751 1235 3816 χήρωσε
1263 3755 1283 3802 δ’
1310 3753 1403 3814 ἀγυιάς.

345 3833 363 3860 ¹
380 3829 467 3892 Ρριοοο
477 3830 509 3877 ad
519 3829 657 3894 Nestoreae]
679 3829 760 3894 Pylos
771 3831 837 3882 Ner·
877 3835 885 3862 ⁸
895 3833 948 3882 sex
960 3831 1019 3881 selis
1033 3843 1091 3878 curn
1104 3829 1213 3878 naribus
1228 3839 1256 3880 er
1267 3830 1328 3878 viria
1340 3845 1405 3894 pau·

316 3903 377 3949 toria
390 3903 416 3950 ln
433 3901 549 3952 Arcadia
566 3904 625 3954 tuit.
657 3905 709 3954 Sed
725 3906 784 3956 ride
800 3907 838 3956 toa
877 3907 998 3966 oloribus,
1009 3905 1051 3953 Ilii
1062 3904 1207 3953 devastarit
1221 3905 1310 3955 orbern
1327 3913 1355 3954 et
1367 3906 1404 3954 vl·

313 3974 385 4038 snei
396 3981 420 4024 9.
431 3977 475 4024 nbi
487 3978 524 4025 ait
535 3979 691 4044 Menelaum,
701 3983 734 4032 ad
746 3987 839 4035 Nesto·
877 3981 966 4034 dnrrlt
985 3978 1071 4030 vicoa’
1104 3979 1180 4027 Unde
1202 3981 1318 4044 Lycoph.
1337 3981 1402 4031 Her·

314 4061 367 4096 rem
386 4049 602 4112 proticiscentem,
617 4055 688 4102 circa
699 4058 838 4119 Cytheram
878 4060 1051 4107 cnlemrooat
1061 4053 1105 4104 τὸν
1119 4051 1270 4119 ὅξάπρνμνον,
1284 4057 1349 4107 ‘aex
1360 4071 1402 4106 m.

314 4123 401 4175 Paridi
414 4123 515 4172 obvium
527 4123 632 4183 factum,
644 4129 692 4177 &a
879 4131 965 4182 viunn'
