3036 4918
308 661 413 748 DE
464 665 622 752 ILII
676 663 1083 777 EXCIDIO,

371 927 441 994 EX
464 929 678 996 JOSEPHO
707 931 989 1011 SCALIGERO,

143 1073 145 1078 ’
260 1099 312 1148 nn
345 1103 659 1154 amnunnrroun
691 1105 930 1156 annuorum
964 1106 1040 1156 nra.
1070 1105 1101 1153 v.

135 1501 372 1594 Posruunos
401 1551 505 1595 anuos
529 1531 669 1615 Mythici
698 1534 853 1616 temporis
879 1538 1006 1597 veteres
1035 1533 1222 1614 Scriptores

134 1631 282 1693 certatim
298 1630 429 1694 definire
445 1633 628 1709 voluerunt,
644 1633 735 1714 qnod
752 1634 820 1696 sint
835 1634 1003 1697 memoriae
1026 1634 1222 1716 scriptorum

133 1731 294 1810 proximi,
305 1739 343 1795 ut
358 1733 473 1797 scribit
488 1731 698 1797 Censorinus,
720 1733 787 1796 Sed
797 1752 900 1815 quare
916 1737 988 1816 ipse
1002 1753 1061 1796 eos
1077 1733 1223 1794 deducat

135 1831 178 1891 ab
205 1830 322 1895 Inachi
344 1853 445 1914 reguo
467 1833 511 1896 ad
540 1837 683 1915 primam
706 1832 951 1915 Olympiadem,
980 1838 1176 1895 nouantem
1202 1851 1223 1893 a

133 1935 235 2010 capto
253 1930 329 2005 llio,
343 1939 381 1994 nt
395 1932 526 2013 reliqui,
544 1941 682 1996 causam
697 1952 762 1995 non
778 1934 888 2014 capio.
934 1933 1011 1996 Non
1026 1938 1140 2014 potest
1155 1930 1222 1994 dici

133 2046 233 2111 quam
248 2033 350 2095 variis
370 2032 509 2114 judiciis
523 2035 566 2095 lis
590 2033 754 2096 ventilata
769 2035 822 2096 sit.
867 2034 910 2098 Et
923 2032 1056 2115 quidem
1074 2031 1221 2096 omnium

134 2132 313 2194 sententias
329 2133 363 2194 in
387 2133 529 2195 medium
552 2133 666 2196 afferre
682 2135 895 2197 ambitiosum
910 2143 972 2197 est.
995 2134 1119 2214 Neque
1135 2133 1221 2194 enim

133 2249 257 2295 errores
271 2233 400 2297 alienos
415 2235 665 2316 triumphamus
681 2234 741 2296 sed
756 2241 915 2316 quantum
934 2240 1048 2318 potest
1063 2232 1133 2296 fieri
1157 2234 1221 2296 tol-

134 2329 243 2394 limus.
287 2331 339 2396 Ea
353 2334 453 2413 igitur
467 2343 519 2398 est
533 2333 761 2397 Tetraeteridis
776 2333 906 2398 Graecae
928 2334 1162 2410 commoditas,
1185 2339 1222 2396 ut
1240 2364 1243 2370 ·

133 2449 178 2492 ex
193 2431 248 2494 die
272 2435 396 2497 mensis
424 2434 551 2496 sciatur
574 2441 682 2514 quotu
705 2435 751 2498 sit
773 2433 945 2514 Prytania,
969 2434 1071 2496 modo
1092 2438 1222 2497 constet

130 2537 255 2613 qrrotus
271 2535 315 2597 sit
337 2553 443 2596 annus
467 2534 702 2597 Tetraeteridis.
747 2532 880 2610 Contra,
896 2534 984 2596 datis
999 2533 1118 2596 diehu's
1131 2551 1221 2595 meu·

133 2633 181 2694 sis
197 2638 232 2694 et
245 2631 435 2712 Prytanias,
450 2632 717 2710 deprehenditur,
734 2641 860 2710 quotus
881 2635 924 2694 sit
939 2651 1044 2693 annus
1058 2632 1221 2694 Tetraete-

131 2730 225 2792 rldis.
261 2728 318 2794 ,Ut
332 2729 368 2790 in
390 2727 535 2790 Decretc
557 2727 813 2789 Atheniensium
839 2730 873 2790 in
896 2731 1034 2808 gratiam
1053 2730 1219 2792 Zenonis:

98 2818 102 2824 ¹
132 2827 201 2890 Ἐπ’
215 2825 356 2912 Αῤῥενίδου
383 2823 532 2910 ἄρχοντος,
558 2823 602 2887 ἐπὶ
622 2830 670 2900 τῆς
692 2823 895 2904 Ἀκαμαντίδος
907 2823 1033 2906 πέμπτης
1047 2827 1221 2912 πρυτανείας,

133 2935 396 3015 Μαιμακτηριῶνος·
418 2925 519 3010 δεκάτῃ
546 2923 660 3010 ὑστέρᾳ,
680 2924 758 3010 τρίτῃ
781 2929 828 2988 καὶ
850 2931 961 3012 εἰκοστῇ
975 2931 1023 3002 τῆς
1048 2929 1220 3012 πρυτανείας.

132 3031 181 3094 Ut
204 3031 362 3094 vicesima
377 3030 502 3092 mensis
518 3027 797 3092 Maemacterionis
813 3029 985 3110 popularis
1000 3031 1045 3091 sit
1060 3031 1219 3095 vicesima

130 3131 230 3194 tertia
245 3128 505 3214 Prytanias,hnc
521 3147 587 3192 non
600 3136 717 3210 potest
732 3129 920 3210 contingere
928 3127 995 3190 nisi
1010 3147 1096 3191 anno
1112 3129 1218 3210 primo

130 3231 367 3295 Tehaeteridis.
410 3228 508 3291 Tunc
532 3230 620 3290 enim
636 3243 779 3291 xxvnr.
802 3227 1046 3311 Pyanepsionis
1059 3233 1111 3291 est
1124 3231 1219 3292 novi·

127 3332 265 3395 lunium.
310 3330 393 3392 Ideo
410 3344 479 3391 xx.
503 3327 789 3402 Maemacterionis
810 3331 863 3389 est
883 3339 1002 3391 xxrrr.
1030 3325 1217 3410 Prytanias,

130 3427 1216 3514 quarewaudacterpossumus'dicere,illuddecretumdatumiuissc

132 3547 219 3592 anno
234 3530 340 3610 primo
356 3527 583 3591 Tetraeteridis
598 3526 732 3591 Atticae.
775 3525 877 3604 Quod
893 3529 922 3591 si
938 3535 1036 3609 quota
1051 3535 1141 3590 esset
1153 3528 1217 3593 Te·

130 3628 268 3692 tracteris
290 3629 418 3710 periodi
435 3626 559 3692 Atticce
576 3629 748 3704 sciremus,
762 3634 795 3690 et
813 3628 900 3691 diem
914 3646 1026 3690 verum
1041 3626 1074 3689 in
1091 3625 1217 3690 Kalen-

130 3728 224 3794 dario
252 3728 489 3792 Julianodare
517 3746 707 3812 possemus.
753 3725 1046 3810 ltaquevidemus
1072 3729 1217 3807 quaesit

127 3830 256 3895 utilitas
281 3827 358 3890 anni
373 3825 480 3891 Attici
496 3834 530 3890 et
555 3825 724 3911 Olympici
740 3828 783 3891 ad
805 3825 1010 3890 notationem
1031 3831 1216 3906 temporum

127 3933 160 3995 in
174 3932 272 3993 rebus
288 3926 445 3991 Graeciae.
490 3925 602 4004 Quare
609 3929 775 4009 ignoratio
789 3927 887 3990 istius
902 3925 1017 3988 formae
1033 3943 1095 3986 non
1107 3926 1215 3990 solum
1335 3943 1338 3948 ·

128 4031 202 4095 huic
225 4029 365 4106 saeculo,
382 4027 439 4091 sed
453 4033 487 4092 et
498 4027 618 4110 priscis
639 4027 845 4112 temporibus
859 4026 1013 4090 nocebat·
1056 4025 1111 4089 Ex
1134 4026 1214 4092 doc·
