3036 4918
341 633 353 678 l

366 995 923 1106 haereamus

450 1301 587 1377 LUD.
640 1302 841 1379 SMIDS.

497 1613 798 1628 m

100 1878 434 1976 Qusuoouuronu
464 1901 653 1982 Scriptores
680 1901 823 1966 Troicos
847 1904 982 1969 laudare
1011 1907 1188 1988 multisque

100 1999 278 2062 verborum
297 2001 441 2081 phaleris
464 2021 637 2076 exornare,
653 2007 742 2066 vetat
756 2003 870 2065 horum
886 2005 1031 2086 dignitas
1054 2014 1089 2070 et
1103 2026 1189 2087 prae·

101 2099 238 2174 stantia,
270 2101 481 2163 solummodo
500 2101 584 2164 banc
616 2101 807 2178 editionem,
837 2123 958 2185 novara
994 2112 1038 2182 et,
1068 2107 1099 2168 si
1124 2125 1188 2167 non

101 2198 428 2276 emaculatissimam,
459 2202 627 2282 prioribus
665 2200 783 2264 saltem
812 2203 1071 2267 emendatiorem
1100 2225 1189 2268 com-

101 2298 256 2360 mendare
277 2307 330 2361 est
345 2302 481 2363 animus.
526 2300 616 2378 Quid
642 2301 696 2362 hic
711 2301 811 2381 igitur
825 2304 1089 2384 praestiterimus,
1105 2303 1189 2368 Lec-

101 2401 190 2460 tores
204 2399 369 2474 benevoli,
383 2401 504 2481 paucis
517 2401 675 2482 accipite.
968 2460 971 2472 ,

148 2513 171 2556 r.
195 2495 338 2578 Dictyos
355 2499 554 2582 Daretisque
571 2509 775 2577 contextum,
791 2523 811 2565 a
831 2503 1079 2585 typothetarum
1096 2505 1188 2568 vitiis

102 2592 237 2677 (mirum
262 2617 361 2678 quam
385 2599 629 2682 frequentibus)
651 2603 913 2683 repurgavimus,
939 2611 972 2665 et
988 2623 1123 2684 prorsus
1139 2605 1188 2666 in·

104 2705 293 2777 corruptum
308 2698 387 2761 dare
403 2701 513 2763 conati
529 2701 664 2763 fuimus.

150 2811 190 2854 rr.
213 2794 452 2860 Annotationes
468 2801 698 2864 eruditissimae
714 2805 883 2875 matronae,
899 2797 1005 2862 Annae
1024 2798 1188 2869 Dercetius,

106 2896 351 2977 typothetarum
365 2898 451 2962 ferte
471 2899 609 2976 incuria,
623 2901 802 2962 innumeris
818 2900 852 2962 in
867 2900 953 2963 locis
976 2899 1106 2964 sordide
1121 2901 1189 2964 dis·
1301 2903 1304 2912 “
1378 2885 1382 2894 ’

105 2996 238 3072 tinctae,
253 2991 323 3079 (cui
338 3006 436 3062 vacat
450 3019 525 3062 cum
536 2999 600 3062 hac
609 3007 725 3061 uestra
736 3000 917 3061 editionem
926 2998 1071 3061 conferre
1082 2999 1189 3062 Galli-

106 3115 191 3173 cam,
202 3097 265 3159 hoc
277 3116 392 3179 negare
402 3099 533 3162 minime
547 3097 699 3181 poterit)
713 3089 982 3172 instauravimus
998 3099 1190 3160 emendavi-

104 3216 190 3274 mus,
205 3196 446 3278 supplevimus.

151 3313 206 3360 ιιι.
242 3297 351 3360 Notas
382 3298 520 3378 integras
549 3298 725 3362 illustrium
758 3299 910 3373 virorum,
938 3297 1014 3362 Jos.
1038 3297 1189 3366 Mercari,

106 3394 208 3476 Casp.
232 3395 370 3464 Barthii,
386 3395 456 3458 Ulr.
472 3395 641 3474 Obrechti,
657 3397 754 3460 Paul.
770 3395 954 3478 vindingii,
970 3399 1086 3461 doctas
1113 3415 1191 3458 sane

106 3505 140 3558 et
149 3496 325 3580 jucundaS,
341 3496 538 3578 adjecimus.
944 3511 946 3516 ·
1096 3572 1098 3580 γ

151 3613 200 3657 rv.
224 3597 367 3677 Propter
395 3596 519 3660 heroici
543 3598 721 3680 argumenti
749 3597 942 3677 elegantiam
973 3615 1104 3679 quoque
1128 3595 1191 3658 Jo-

107 3695 203 3776 sephi
226 3693 429 3760 Exoniensis
454 3698 525 3760 sive
549 3697 661 3760 lscaui
682 3697 722 3759 de
744 3696 835 3759 bello
857 3695 1012 3778 Trojano,
1026 3695 1190 3776 egregium

107 3814 248 3871 carmen,
273 3795 363 3858 Sam.
384 3797 550 3862 Dresemii
567 3799 663 3862 'notis
688 3798 814 3880 optime
837 3798 1048 3873 illustratum,
1064 3795 1192 3866 addidi-

106 3916 203 3960 mus:
226 3896 335 3958 dictas
350 3917 428 3960 vero
443 3908 541 3963 notas
553 3901 729 3963 admodum
741 3899 938 3979 negligenter
949 3898 1192 3962 consarcinatus

108 4015 148 4059 ac
170 3996 357 4072 distinctas,
373 4006 556 4079 perattento
571 3999 713 4080 quodam
738 3997 877 4060 Erudito
901 3998 1091 4080 adjuvante,
1107 3996 1192 4075 poli-

107 4102 161 4160 tas
176 4102 210 4158 et
224 4106 400 4162 accuratas
416 4101 651 4182 expressimus.

172 4211 257 4274 Delph.
269 4219 292 4262 et
305 4214 363 4261 Ver.
375 4214 440 4262 cur.
571 4213 639 4261 Dici.
649 4212 715 4260 Cret.
1103 4209 1126 4257 Α
