3052 4900
313 287 316 294 ⁵
394 331 443 379 nn
467 329 597 402 uxeio..
616 329 743 378 saorra
766 333 912 381 unsrun.
1127 315 1191 380 313

14 335 16 364 l

14 379 16 418 l

14 479 15 540 ἕ
103 471 233 550 populo
255 467 514 546 missustdoua
533 467 681 551 Apollini
701 471 866 552 portabat.
909 471 1001 536 Huic
1019 493 1064 537 ex
1078 474 1191 557 adytis

106 569 334 650 respondetur,
348 575 386 632 ut
401 587 476 633 cum
489 566 687 651 Argivomm
702 569 811 633 classe
826 569 966 633 militum
980 581 1094 637 contra
1107 575 1190 638 'lho-

103 665 204 747 janos
218 653 459 750 proficiscatur,
470 687 593 750 eosque
609 668 897 749 suaintelligentia
908 676 1047 745 moveat,
1059 691 1101 736 ne
1116 675 1191 738 inde

108 767 280 832 discedant
293 771 397 852 prius,
413 787 511 851 quam
521 769 623 852 Troja
638 777 738 852 capta
749 769 812 832 sit..
833 767 1018 850 Postquam
1032 769 1066 830 in
1079 769 1190 836 fanum

107 874 240 932 ventum
256 877 317 944 est,
333 871 416 933 inter
431 889 467 932 se
481 868 631 934 Achilles
645 878 677 935 et
692 869 836 935 Calchas
859 887 1024 953 respousa
1048 870 1194 934 contule·
1232 857 1235 864 ’

108 973 198 1031 runt:
222 969 405 1049 gaudentes
418 969 575 1052 hospitio,
598 971 781 1036 amicitiam
796 970 1000 1046 confirmant,
1014 987 1079 1033 una
1094 968 1194 1033 Athe·

108 1087 169 1142 nas
183 1068 448 1150 proficiscuntur
470 1077 504 1131 et
524 1071 731 1152 perveniunt.
778 1069 924 1135 Achilles
940 1070 1056 1137 eadem
1069 1072 1104 1133 in
1120 1088 1196 1133 eon·

109 1167 189 1242 cilio
203 1170 311 1234 refert.
355 1167 472 1250 Argiui
488 1169 645 1250 gaudent,
658 1169 874 1234 Calchantem
891 1190 1004 1234 secum
1019 1171 1194 1254 recipiunt,

109 1268 253 1332 classem
268 1272 412 1333 solvunt.
457 1268 543 1331 Cum
556 1273 847 1351 eostempestates
858 1270 904 1332 ibi
919 1270 1103 1345 retinerent,
1118 1271 1196 1334 Gal·

107 1367 190 1430 chas
205 1387 249 1431 ex
264 1369 404 1449 augurio
424 1367 600 1451 respoudit
622 1376 669 1432 ut.
682 1370 823 1452 primum
837 1377 1039 1434 revertantur
1051 1373 1085 1434 in
1099 1369 1196 1436 Auli·

107 1466 211 1543 dem,¹’
229 1475 265 1532 ut
288 1459 407 1533 Dianae
432 1468 628 1548 sacrificent.
680 1469 828 1533 Profecti
855 1471 1062 1552 perveniunt.
1105 1471 1196 1555 Aga·

107 1585 260 1631 memnon
275 1569 418 1632 Dianam
433 1568 568 1650 placat,⁰
594 1568 740 1652 dicitque
760 1570 865 1634 sociis
885 1571 1027 1635 classem
1052 1573 1195 1652 solvant,

110 1666 151 1729 ad
166 1667 303 1751 Trojam
318 1669 378 1733 iter
392 1669 527 1734 faciant.
572 1669 717 1734 Utuntur
731 1671 816 1734 doce
831 1671 1027 1750 Philocteta,
1048 1676 1104 1756 qui
1119 1695 1194 1740 curn

105 1767 333 1849 Argonautis<l
357 1771 400 1833 ad
424 1769 561 1853 Trojam
578 1771 678 1834 ierat.
722 1771 851 1835 Deinde
867 1773 1038 1854 applicant
1050 1774 1194 1838 classem

92 1866 151 1946 ad
177 1869 362 1951 oppidum,e
386 1870 474 1953 quod
498 1871 560 1934 sub
583 1871 722 1954 imperio
745 1870 871 1934 Priami
893 1873 979 1953 regis
1003 1880 1083 1950 erat,
1105 1881 1138 1938 et
1161 1875 1196 1936 id

37 1991 44 2001 ·
110 1977 319 2052 expugnant:
342 1973 523 2054 praedaque
536 1971 640 2050 facta,
656 1972 922 2055 proficiscuntur:
939 1975 1075 2038 veniunt
1089 1975 1196 2040 Tene-

110 2067 184 2145 don,
206 2071 320 2153 ibique
345 2091 459 2136 omnes
485 2073 650 2137 occidunt.
694 2072 776 2155 [lu]
799 2071 1022 2154 Agamemnon
1046 2076 1195 2156 praedam

110 2168 238 2246 dividit,
254 2174 434 2238 concilium
451 2183 562 2238 vocat.
606 2176 688 2238 lude
702 2176 828 2256 legatos
844 2175 886 2238 ad
898 2175 1066 2239 Priamum
1080 2178 1195 2253 mittit,

110 2271 141 2332 si
155 2271 260 2334 vellet
275 2273 452 2350 Helenam,
478 2280 510 2338 et
525 2275 671 2359 praedam
686 2295 785 2358 quam
800 2274 991 2340 Alexander
1004 2277 1084 2340 fecit
1097 2278 1196 2340 resti·

107 2377 214 2434 tuere.
259 2373 375 2454 Legati
390 2375 539 2456 leguntur
550 2375 732 2440 Diomedes
748 2383 781 2441 et
795 2376 954 2460 Ulysses;
970 2378 1013 2440 ad
1028 2373 1196 2444 Priamum

109 2472 385 2553 proficiscuntur.⁴
408 2519 411 2529 =
434 2478 523 2541 Dum
555 2478 655 2559 legati
684 2480 842 2544 mandato
871 2484 999 2562 parent,
1027 2480 1197 2544 mittuntur

110 2570 259 2638 Achilles
273 2582 306 2639 et
317 2573 503 2658 Telephusf
516 2579 559 2641 ad
573 2579 826 2660 depraedandam
839 2579 998 2658 Mysiam.
1025 2577 1090 2638 Ad
1106 2579 1196 2640 Teu·

109 2671 270 2736 thrantem
297 2692 407 2752 regem
432 2677 575 2748 veniunt,
602 2676 816 2755 praedamque
842 2675 979 2736 faciunt.
1030 2673 1196 2747 Teuthras

108 2791 186 2835 curn
213 2772 705 2861 exercitusuperveuit,quem
730 2771 884 2836 Achilles
906 2773 1021 2853 fugato
1046 2774 1196 2838 exercitu

107 2872 316 2937 vulueravit:
338 2891 434 2954 quem
454 2873 621 2956 jacentem
644 2872 813 2955 Telephus
837 2874 959 2957 clypeo
980 2875 1196 2956 preteritae

110 2973 153 3036 ab
169 2971 299 3037 Achille
312 2973 563 3054 interficeretur;
587 2992 847 3046 commemorans
862 2974 1045 3058 hospitium
1058 2977 1145 3044 inter
1158 2997 1195 3040 se

486 3227 490 3238 ,
598 3190 706 3240 NOTAE

110 3302 237 3353 ‘Calchas
248 3301 427 3352 Thestorides’
439 3303 561 3352 Homero.
674 3309 725 3364 tur,
748 3301 887 3351 Homerum
910 3308 1024 3366 secutus,
1041 3302 1083 3367 qui
1103 3303 1195 3352 nullam

141 3385 152 3411 ⁸
170 3379 204 3427 Et
213 3394 255 3442 pm
266 3379 425 3443 Phrygihuaa
435 3394 477 3428 suo
485 3381 568 3442 populo
576 3378 632 3428 mit-
672 3378 739 3427 illius
751 3377 906 3426 mentionem
916 3377 987 3428 fecit.

108 3453 160 3517 sus]
176 3455 340 3504 Calchantem
355 3456 398 3504 hic
415 3457 554 3521 Phrygium
570 3453 633 3505 facit
673 3489 675 3492 -
705 3454 783 3511 doun·
793 3469 844 3502 eura
855 3452 1014 3516 Argonautis]
1025 3453 1196 3504 Philoctetam

105 3530 203 3584 Dares,
211 3531 333 3578 utnescio
342 3545 418 3595 quam
428 3532 558 3581 historiam
565 3546 633 3581 corn·
659 3565 661 3570 -
672 3531 740 3580 inter
750 3531 911 3594 Argonautas
923 3535 1041 3579 numerat
1052 3529 1130 3578 etiam
1142 3528 1196 3590 lly-

108 3605 218 3669 pingat„
242 3603 293 3652 Sed
303 3604 375 3652 illum
387 3607 554 3671 Porphyrius,
565 3605 633 3671 apud
672 3609 756 3669 ginon.

110 3677 633 3746 Eustathium,exEuhoeanatnmdieit,et
674 3713 678 3716 -
704 3681 771 3730 'Ad
781 3680 900 3745 oppidum]
925 3681 1020 3743 Nescio
1037 3679 1195 3743 qnaleoppi-

110 3753 219 3803 Abantis
230 3767 382 3816 apogonum.
457 3777 459 3782 ·
651 3815 653 3820 Ι
672 3756 732 3804 dum
744 3756 785 3804 hic
798 3756 877 3804 dicat.
910 3755 941 3802 Iu
952 3756 1007 3816 ipso
1018 3755 1105 3803 littore
1116 3753 1195 3805 luisse

142 3829 154 3863 l
171 3831 329 3879 Revertantur
337 3829 363 3878 in
374 3829 496 3892 Aulidem]
509 3828 589 3893 Atqui
600 3845 632 3880 ex
672 3843 777 3880 necesse
789 3835 839 3876 est.
871 3829 922 3876 Sed
934 3833 1046 3892 atigetur
1056 3830 1149 3879 Dares.

110 3907 223 3956 Athenis
231 3905 349 3970 profecti,
360 3920 410 3954 non
420 3903 451 3952 erl
460 3904 563 3955 Aulide.
582 3906 634 3955 Cur
675 3939 677 3943 -
705 3904 714 3940 ¹
738 3903 873 3952 Mittuntur
894 3902 998 3952 Achilles
1024 3910 1048 3954 et
1071 3905 1196 3970 Telemo]

108 3981 188 4044 igitur
199 3995 243 4028 eor
254 3981 290 4029 ait
301 3981 328 4028 iu
339 3979 458 4029 Aulidem
469 3979 583 4028 reverti?
675 3979 786 4029 Omnino
797 3977 872 4027 aliter
880 3977 937 4027 hae
946 3987 1033 4030 nmrat
1041 3981 1143 4046 Dictys,
1151 3983 1194 4048 qul

142 4056 331 4116 eAgcnrennron
347 4056 453 4104 Βίαιωη
461 4057 552 4122 purat]
579 4057 633 4120 Op·
673 4056 753 4106 multo
766 4054 859 4104 verior.
893 4052 1092 4120 triumviratu.

111 4132 172 4183 time
184 4128 336 4182 sacrificium
350 4130 489 4196 Iphigenia
505 4133 633 4184 oblivisci·
