3036 4918
348 383 396 434 nn
419 384 595 434 rrrsronrr
622 385 730 434 onum
754 385 928 436 rnorem.
1132 375 1175 438 41

93 526 196 602 volui,
209 526 292 608 quia
302 526 340 589 in
359 526 451 590 hisce
465 526 616 592 censistit
631 523 664 590 ri
686 523 853 610 aprrdpercr,
869 534 903 591 et
924 528 1024 592 totius
1044 535 1176 596 conito-

93 627 211 690 versiae
225 624 340 688 nodus.
385 625 460 689 [ilis
477 626 566 690 enim
589 627 769 708 expeditis,
784 647 835 690 res
849 628 927 709 ipsa
948 632 996 690 tot
1019 629 1176 700 inanibus

94 725 287 808 conjecturis
301 726 464 808 implicita
486 731 518 790 et
538 728 728 804 obscurata,
743 728 778 790 in
799 727 960 810 liquidam
983 731 1115 810 emergit
1127 731 1177 794 lu·

95 845 177 902 cem,
193 832 227 889 et
247 813 341 906 petet
362 815 571 902 tandemfde
592 826 715 909 Dictye
738 825 894 892 Cretensi
913 826 996 908 quid
1017 829 1113 892 nobis
1135 829 1179 894 sit

94 925 317 988 statuendum.
361 925 453 990 Nem
489 926 518 990 si
538 927 603 990 hoc
631 933 774 1008 constat,
809 927 1005 1010 Septimium
1043 927 1180 992 vertisse

92 1025 193 1088 hosce
206 1025 337 1088 libellos
360 1045 405 1090 ex
433 1026 491 1090 illo
513 1025 646 1108 Dictye,
671 1046 772 1110 quem
800 1027 915 1092 Graeci
939 1028 1123 1111 Scriptores
1146 1031 1181 1090 et

93 1124 290 1190 Schoirastue
309 1126 493 1190 ‘identidem
518 1126 665 1203 laudant,
685 1147 745 1192 seu
772 1128 911 1194 Graecos
930 1129 1035 1214 hosce
1056 1127 1181 1192 nullum

93 1226 197 1290 alium
209 1225 378 1304 habuisse,
390 1229 536 1304 novisse,
547 1226 753 1309 designasse,
768 1229 905 1311 Dictyn,
920 1248 1019 1311 quarn
1030 1229 1116 1292 hunc
1130 1229 1182 1310 ip·

54 1411 57 1415 .
93 1343 179 1401 sum,
204 1342 301 1408 quem
326 1327 511 1409 Septimius
534 1346 684 1392 sermone
714 1329 835 1394 Latino
860 1331 1040 1410 expressit,
1061 1327 1183 1392 evadet

92 1415 171 1488 tunc
184 1424 303 1490 diurna
325 1426 402 1490 luce
418 1428 540 1492 clarius
555 1433 591 1490 et
606 1428 741 1504 certius,
763 1429 885 1492 falsum
899 1443 976 1509 ergo
989 1447 1078 1502 esse,
1092 1425 1182 1509 quod

92 1520 205 1590 Greeci
229 1525 279 1589 itti
305 1525 508 1611 tradidemnt
532 1525 666 1604 diserte,
693 1529 849 1612 quodque
873 1529 951 1592 ideo
974 1527 1183 1594 crediderunt

92 1629 193 1706 atque
216 1621 417 1690 affirmarunt
432 1625 580 1694 Vossius
595 1625 710 1704 Pater,
728 1628 801 1694 Leo
818 1629 972 1708 Allutius,
986 1633 1020 1692 et
1032 1627 1181 1710 plerique

90 1724 193 1788 hodie
208 1725 278 1799 alii,
295 1725 468 1808 scripsisse
488 1726 661 1794 historiam
683 1729 724 1796 dc
745 1729 841 1794 Bello
855 1729 1002 1811 Trojano
1024 1727 1183 1808 antiquis·

91 1825 216 1892 simum
231 1826 396 1907 quendam
411 1827 551 1910 Dictys,
565 1828 738 1896 Idomenei
753 1829 964 1894 Cretensium
987 1825 1110 1907 Reguli
1125 1843 1184 1888 co-

89 1926 221 2000 mitem,
236 1927 296 2006 qui
320 1927 392 2008 ipse
410 1927 501 1992 hello
516 1927 661 2010 Trojano
675 1930 867 2003 interfuerit,
882 1933 916 1993 et
930 1946 981 1990 res
995 1926 1038 1990 ab
1056 1944 1093 1990 se
1107 1924 1184 2006 ipso

90 2025 190 2087 visas
218 2026 389 2101 memoriae
412 2027 629 2094 mandaverit.
672 2025 807 2094 Numen
836 2031 918 2113 ejus,
946 2044 1120 2110 personam
1149 2026 1184 2088 in

92 2125 164 2188 ista
189 2124 415 2207 expeditione,
440 2133 587 2204 aetatem,
614 2134 648 2193 et
676 2129 888 2211 scriptionem
923 2129 1020 2195 fiuxit
1038 2128 1108 2201 ille,
1124 2125 1185 2207 qui

93 2224 249 2290 Graecam
265 2226 352 2293 hanc
374 2227 568 2306 Historiam
589 2236 737 2312 tempore
759 2229 906 2294 Neronis
926 2225 1128 2320 composuit,
1152 2229 1187 2286 et

91 2325 180 2387 unde
190 2327 285 2390 unice
300 2333 371 2392 tote
386 2327 584 2396 hceciahulu
599 2329 641 2394 de
656 2329 889 2412 antiquissimo
902 2329 961 2392 ilio
972 2327 1095 2407 Dictye
1106 2323 1186 2389 Gre-

92 2426 184 2488 tensi
197 2425 327 2491 ridetur
349 2435 429 2496 orte.
473 2429 563 2498 Nam
586 2431 695 2496 nullus
709 2429 801 2496 alius
816 2448 955 2512 usquam
976 2429 1182 2502 memoratur,

93 2524 159 2588 sed
181 2533 217 2589 et
234 2547 330 2593 nemo
352 2529 388 2592 in
403 2529 538 2596 Greecia
562 2531 685 2608 extitit,
710 2532 768 2612 qui
793 2537 872 2596 ente
896 2529 1079 2594 Homerum
1105 2525 1185 2609 quid

93 2625 278 2708 scripserit,
298 2636 332 2693 et
353 2631 394 2693 de
408 2631 568 2712 Trojanis
583 2631 719 2710 quidem
739 2631 850 2703 rebus,
863 2636 900 2692 ut
921 2627 1004 2690 satis
1025 2626 1186 2704 probasse

95 2745 152 2788 me
166 2732 251 2807 puto
273 2745 319 2788 ex
336 2727 439 2789 variis
453 2725 660 2788 Auctoribus
680 2726 724 2788 ad
739 2727 910 2788 AEhianum
922 2723 1010 2786 Var.
1026 2723 1117 2784 Hist
1133 2735 1188 2784 xt.

95 2825 130 2888 2.
166 2824 243 2887 Viri
265 2823 467 2898 doctissimi,
481 2824 539 2906 qui
566 2823 630 2904 hoc
652 2831 813 2906 tempore,
836 2823 922 2886 alius
946 2815 1049 2885 alium
1069 2821 1188 2897 secuti,

95 2923 201 2988 talem
225 2923 325 2986 nobis
351 2922 472 3004 Dictys
496 2929 637 3000 narrant,
653 2922 818 2986 credidere
834 2922 942 2986 ‘alium
967 2921 1075 2986 fuisse
1091 2919 1188 2986 Gree-

96 3037 214 3089 corrm
232 3023 369 3105 Dictyn,
395 3031 498 3105 atque
521 3023 608 3090 hunc
637 3024 740 3088 nostri
769 3025 936 3107 Septimii.
980 3021 1083 3100 Quod
1112 3041 1188 3087 cum

97 3125 231 3208 liquido
246 3125 281 3186 in
301 3124 523 3206 superioribus
536 3125 758 3201 refutaverim,
773 3143 837 3187 nec
853 3123 1029 3203 quisquam
1045 3123 1131 3186 alius
1146 3126 1188 3188 ab

99 3228 160 3290 illo
176 3225 373 3290 Graecorum
388 3231 422 3287 et
434 3227 537 3288 nostri
559 3225 715 3306 Septimii
742 3224 865 3304 Dictye
880 3219 1026 3284 extiterit
1041 3218 1190 3301 Scriptor

100 3328 193 3390 illius
213 3327 368 3402 nominis,
391 3331 542 3407 superest
563 3325 646 3390 nihil
673 3323 779 3401 eliud,
801 3323 864 3386 nisi
886 3339 986 3384 unum
1009 3318 1085 3396 hoc,
1101 3317 1190 3402 quod

102 3434 212 3492 tamen
233 3425 358 3488 nullius
378 3425 481 3492 ferme
508 3419 638 3508 negotii
654 3433 719 3502 est,
731 3443 806 3492 curn
821 3424 881 3489 vix
896 3439 1084 3506 quenquam
1099 3421 1134 3484 in
1147 3439 1189 3486 eo

101 3525 272 3590 habiturus
286 3525 358 3596 sim,
368 3524 597 3605 refragantem,
610 3534 648 3591 ut
663 3525 847 3599 ostendum,
861 3541 967 3605 neque
977 3521 1070 3584 illurn
1088 3523 1191 3586 nostri

106 3626 250 3706 Dictyos
263 3633 444 3700 auctorem,
460 3627 517 3708 qui
541 3645 577 3690 se
598 3627 697 3692 tinxit
718 3624 985 3705 antiquissimum
998 3620 1093 3684 illum
1110 3618 1191 3681 Dic·

105 3732 178 3808 tyn,
200 3727 420 3809 comitemque
449 3726 634 3804 Idomenei,
660 3727 767 3792 fuisse
802 3721 1008 3805 temporibus
1034 3716 1191 3799 'Frui'anis

1 3847 2 3856 ¹
105 3823 290 3908 aequaIemi
313 3829 413 3909 atque
442 3825 529 3890 adeo
553 3825 673 3890 falsum
702 3843 775 3889 esse
805 3823 899 3897 illurn
925 3827 961 3882 et
989 3816 1192 3893 mendacem,

1 3933 2 3937 ’
105 3924 290 4010 quandoid
306 3945 365 4008 per
380 3930 483 3989 totam
493 3925 668 3990 historiam
682 3924 813 3988 sollcite
827 3920 915 3984 adeo
928 3917 1085 3984 inculcet.

147 4042 267 4090 xxrrr.
303 4025 458 4106 Arguunt
480 4023 605 4086 etenim
632 4025 725 4088 illum
753 4020 849 4084 multi
883 4036 1009 4081 errores
1032 4013 1191 4092 historici,

1 4123 2 4212 Q
108 4131 227 4208 partim
245 4127 289 4192 ab
306 4127 383 4207 ipso
397 4123 544 4208 profecti,
570 4122 691 4204 partim
706 4139 750 4186 ex
772 4116 891 4186 Po'etis
912 4115 1061 4199 repetiti:
1090 4115 1192 4182 veluti
