3036 4918
287 229 309 296 8
635 245 824 294 rossanus
847 245 1033 294 scsnrcsn

288 387 375 452 trine
397 384 495 467 primi
510 385 585 449 libri
600 387 724 450 scimus
748 387 951 452 Neomenias
976 387 1053 452 anni
1069 386 1183 451 Graeci
1200 387 1373 470 popularis
1429 427 1435 434 -

289 486 463 568 pervagari
478 505 622 550 mensem
638 487 801 568 integrum
823 489 859 552 in
880 488 985 552 forma
998 488 1021 552 J
1024 489 1145 551 uliano.
1191 488 1375 552 Hecatom·

287 587 396 662 baeon,
411 587 503 650 verbi
518 589 634 668 gratia,
646 588 828 670 aliqnando
844 587 961 652 incidit
971 589 1004 651 in
1021 603 1059 650 x.
1081 586 1102 650 J
1107 587 1178 661 ulii,
1193 587 1373 670 aliquando

289 687 324 750 in
337 704 386 751 vr.
402 686 558 768 Augusti.
603 687 706 768 igitur
721 687 816 750 sidus
829 687 921 770 quod
940 707 1080 768 vespere
1095 686 1287 752 Neomenias
1303 688 1376 750 He·

289 789 528 851 catombaeonis
536 789 648 864 oritur,
662 787 695 851 in
709 787 818 869 primo
833 805 920 850 anno
937 787 1060 868 periodi
1068 786 1203 862 Atticm,
1215 805 1279 850 non
1293 788 1376 850 orie·

290 887 390 948 turin
405 886 524 950 eadem
541 885 575 950 N
577 886 742 964 eomenia,
759 886 891 968 quando
903 886 1181 978 ¹Hecatomlraeon
1195 887 1259 950 erit
1273 887 1308 949 in
1325 903 1373 948 vr.

290 982 446 1068 Augusti.
489 985 672 1067 Propterea
687 985 931 1068 Parapegmata
946 987 989 1048 ab
1005 986 1185 1050 artificibus
1199 986 1376 1068 preposite

291 1094 395 1164 erant,
417 1106 459 1150 ne
482 1087 602 1167 vulgus
625 1087 659 1150 in
681 1087 798 1151 eadem
815 1086 1000 1151 Neomenia
1022 1107 1153 1168 semper
1174 1086 1260 1150 idem
1282 1085 1376 1150 sidus

291 1187 369 1250 oriri
384 1193 444 1250 aut
458 1188 609 1250 occidere
624 1191 770 1270 putatet.
815 1185 916 1264 Quod
932 1195 1043 1252 tamen
1058 1189 1175 1268 vulgus
1186 1187 1377 1268 negligebat

292 1285 379 1350 adeo
404 1291 442 1350 nt
455 1287 593 1369 quidam
616 1287 686 1350 dux
708 1286 798 1370 apud
826 1289 1017 1371 Polybium,
1032 1307 1108 1352 cum
1122 1287 1166 1351 ad
1182 1295 1299 1362 ortum,
1319 1291 1378 1350 ent

293 1407 452 1452 occasum
467 1387 641 1452 Pleiadum
656 1387 738 1473 (non
753 1391 885 1454 memini
909 1397 1014 1454 utrum
1035 1389 1146 1466 luerit)
1160 1388 1377 1464 condixisset,

291 1507 360 1550 non
374 1489 463 1552 venit
476 1488 521 1551 ad
535 1489 761 1554 constitutum.
790 1489 910 1556 Falsus
924 1491 1074 1556 nimirum
1089 1489 1273 1554 desultorio
1289 1506 1377 1570 men·

292 1588 377 1652 sium
392 1588 476 1668 situ;
498 1607 596 1671 quem
607 1607 672 1653 non
683 1589 959 1655 consideraverat.
1002 1591 1091 1654 Dum
1106 1590 1204 1671 igitur
1217 1589 1260 1650 de
1274 1592 1377 1666 capto

292 1687 359 1752 llio
373 1689 567 1770 generaliter
578 1697 653 1755 sunt
669 1693 849 1756 sententiae.
894 1689 1038 1768 Quidam
1053 1691 1140 1754 enim
1155 1688 1268 1752 multis
1280 1685 1377 1750 aunis

292 1807 394 1873 snpra
415 1790 672 1872 quadringentos
699 1798 773 1856 ante
802 1793 944 1873 primam
973 1791 1206 1876 Olympiadem
1239 1792 1378 1872 ponunt.

293 1886 365 1950 Alii
390 1895 511 1972 praeter
536 1891 802 1974 quadringentos,
820 1900 909 1970 octo,
929 1900 1068 1975 septem,
1082 1912 1154 1969 sex,
1175 1896 1207 1954 et
1229 1889 1376 1972 quinque

176 2075 179 2080 ι
292 1993 417 2052 tantum
432 1997 567 2073 ponunt.
600 1993 733 2058 Horum
742 1999 871 2058 tantum
880 1995 977 2060 nobis
986 1993 1139 2058 habenda
1150 1991 1247 2064 ratio,
1261 1993 1296 2052 et
1304 1987 1378 2069 qni·

292 2087 369 2154 dem
386 2090 470 2155 inter
483 2110 542 2156 eos
555 2111 680 2172 eorum,
691 2096 747 2176 qui
762 2094 876 2160 Attica
892 2096 1118 2180 scripserunt:
1141 2107 1283 2172 quornm
1294 2106 1378 2152 nnus

293 2209 475 2256 cousensus
490 2200 543 2256 est
558 2193 592 2256 in
606 2203 763 2256 menseet
778 2194 831 2256 die
844 2193 975 2255 mensis.
1020 2189 1146 2254 Omnes
1160 2189 1247 2254 enim
1265 2195 1379 2274 Θαργη-

293 2288 475 2374 λιῶνοςόγθέῃ
491 2289 628 2362 φθίνοντος
649 2291 713 2354 linc
728 2293 903 2371 contigisse
912 2291 1039 2355 dicunt.
1083 2289 1125 2358 In
1143 2289 1239 2354 anuis
1252 2289 1378 2355 Tetrae·

294 2389 413 2452 teridis
428 2391 564 2454 variant.
583 2452 586 2462 ,
607 2390 734 2472 Vulgus
759 2391 845 2454 solet
859 2391 1007 2455 dividere
1021 2409 1166 2454 mensem
1182 2391 1328 2454 lunarem
1343 2391 1379 2455 irr

293 2483 508 2566 novilunium,
523 2491 699 2573 septimam
720 2493 845 2568 lunam,
859 2493 1085 2576 plenilunium,
1110 2499 1145 2555 et
1167 2492 1342 2572 septimam
1358 2509 1380 2555 a

293 2588 374 2654 fine:
388 2608 472 2673 quas
484 2591 666 2657 divisiones
676 2593 877 2676 quadrantes
892 2593 981 2658 lunae
999 2603 1140 2658 vocant:
1155 2593 1251 2656 aliter
1259 2599 1380 2656 vocant

292 2691 445 2772 primam,
483 2694 677 2774 septimam,
694 2695 1014 2775 quintamdecimam,
1040 2696 1234 2758 vicesimam
1262 2711 1380 2756 secun·

294 2789 382 2852 dam.
426 2788 540 2851 Graeoi
563 2789 730 2873 Φιγγίιρνον,
749 2791 902 2874 δνχόμηννν,
934 2791 1112 2868 πανσέληνον,
1135 2792 1276 2876 διχόμηννν
1299 2791 1381 2855 tieri-

289 2910 356 2970 ραν.
400 2885 469 2950 Hae
483 2893 624 2969 quatuor
644 2890 770 2954 lunaris
791 2892 911 2956 mensis
932 2891 1118 2956 divisiones
1141 2900 1216 2957 snnt
1236 2894 1277 2958 in·
1293 2894 1380 2958 vioe-

290 2986 381 3061 ,sima
395 2987 507 3064 tertia,
521 2989 594 3052 sive
610 2985 694 3074 ὀγδόῃ
708 2987 840 3071 φθίνοντος
856 2999 1062 3076 Θαργηλιῶνος.

338 3088 453 3154 Primo
478 3089 605 3171 quippe
618 3108 706 3154 anno
721 3091 967 3170 Tetraeteridos
989 3093 1151 3158 vicesima
1166 3095 1261 3158 tertia
1275 3094 1379 3160 Thar-

293 3189 445 3270 gelionos
467 3193 519 3250 est
539 3189 648 3270 prima
669 3191 761 3268 luna,
785 3193 819 3255 iu
844 3195 990 3259 secundo
1006 3215 1090 3261 anno
1111 3203 1165 3260 est
1179 3196 1331 3278 septima,
1346 3197 1380 3259 in

291 3288 394 3362 ,tertio
417 3293 469 3353 est
495 3288 724 3371 plenilunium,
742 3293 783 3364 ,in
807 3303 928 3376 quarto
949 3302 1001 3361 est
1032 3297 1194 3360 vicesima
1222 3297 1378 3360 secunda.

297 3386 426 3452 Rursus
452 3387 487 3450 in
510 3389 671 3456 vicesima
696 3398 792 3460 tertia
813 3396 1051 3480 Thargclionos
1075 3399 1153 3462 anni
1177 3397 1287 3478 primi,
1301 3397 1380 3461 luna

296 3488 421 3552 occidit
441 3489 554 3552 statim
577 3511 728 3574 vespere.
770 3497 811 3561 In
835 3518 919 3562 anno
945 3498 1106 3573 secundo,
1122 3497 1246 3560 occidit
1272 3498 1381 3561 media

296 3596 403 3654 nocte.
442 3586 482 3654 In
496 3609 581 3656 anno
597 3595 707 3672 terlio,
722 3617 782 3678 per
793 3605 895 3664 totam
909 3607 1043 3664 noctem
1059 3601 1160 3662 lucet.
1192 3597 1230 3660 In
1247 3605 1379 3678 quarto,

296 3690 436 3754 oritura
456 3691 569 3756 media
582 3702 692 3758 nocte.
738 3696 808 3775 Qui
830 3701 927 3782 igitur
940 3700 1015 3764 408.
1031 3700 1127 3764 annis
1148 3706 1223 3762 ante
1239 3701 1380 3779 primam
1496 3736 1500 3746 ι

295 3787 527 3874 Olympiadem
548 3799 682 3875 captum
706 3797 794 3862 Ilion
817 3801 946 3878 volunt,
970 3801 1157 3864 necessario
1173 3817 1261 3861 anno
1284 3797 1380 3859 tertio

294 3889 534 3958 Tetraeteridos
555 3894 619 3958 hoc
636 3898 818 3978 contigisse
834 3902 959 3965 volunt.
1005 3903 1094 3967 Nam
1112 3899 1185 3964 408.
1204 3896 1280 3960 anni
1296 3900 1380 3958 retro

295 3995 402 4071 putati
427 3992 580 4060 desinunt
593 3997 628 4060 in
644 3999 697 4062 49.
717 4020 839 4069 annum
855 4005 985 4086 periodi
1001 4001 1199 4084 Olympicae,
1214 3994 1380 4076 siquidem
