3036 4918
388 257 438 306 nn
458 255 642 308 utsruatt
665 257 776 306 Histri
800 257 974 310 raottrtt.
1177 247 1222 312 55

124 409 206 476 sitis
222 410 327 476 etiam
336 425 380 472 ex
399 407 572 488 divisione,
587 427 665 494 quae
680 409 717 474 iu
737 408 800 476 tali
814 409 947 492 nogotio
960 416 1096 494 tempus
1109 411 1220 495 patia-

124 511 238 588 batur,
252 527 369 575 navem
381 509 562 576 ascendere
571 509 678 578 tacit:
722 507 792 576 Ubi
806 509 877 576 siue
885 508 1094 576 haesitatione
1105 511 1218 596 legau-

126 609 210 676 ‹lum
223 629 355 688 censeo,
369 608 529 694 impositis.
572 610 640 688 lta,
658 627 694 672 v.
707 610 769 676 12.
785 609 934 687 ‘Graeca
956 611 1016 676 ubi
1028 619 1146 678 cuncta
1158 633 1218 682 na-

124 710 225 775 vibus
238 710 396 794 imposita
408 715 497 788 sunt,
512 710 555 774 ad
569 711 706 793 Sigeum
720 708 903 788 account:
917 716 951 774 ct
966 725 1017 775 ιι.
1034 709 1066 772 1.
1093 712 1105 745 ‘
1118 711 1218 777 Post·

85 809 94 824 ‘
122 803 230 895 'quam
241 810 421 896 impositis,
434 829 513 898 qum
532 811 654 895 singuli
679 810 771 876 bello
785 809 1022 894 quaesiverant,
1036 809 1217 876 ascendere

121 912 214 996 rpen'

169 1031 197 1082 ι.
217 1015 249 1082 6.
273 1013 327 1080 ‘N
329 1032 374 1079 ou
388 1034 426 1080 so
441 1015 591 1098 ignorare
604 1014 662 1091 ait,
670 1013 805 1098 quantis
819 1013 1018 1080 mortalibus
1034 1019 1104 1080 tam
1119 1019 1218 1082 atrox

119 1116 544 1201 facinusiutiignatiouem
564 1112 743 1182 incuteret?
787 1115 931 1182 Deserat
951 1114 1025 1181 haec
1050 1115 1217 1184 confessio

120 1217 296 1284 Priamum
310 1226 372 1285 aut
386 1215 567 1304 Trojanum
586 1217 790 1302 quempiam,
804 1216 995 1298 neutiquam
1008 1235 1086 1282 vero
1109 1218 1217 1302 Legu-

117 1327 191 1386 tum
213 1319 422 1398 (inmensum,
436 1326 647 1386 accusantem
667 1317 704 1382 id
724 1317 865 1383 facinus.
910 1315 1129 1401 Quapropter
1149 1339 1218 1386 nra·

116 1420 179 1484 lim
206 1441 303 1498 sane,
331 1429 394 1483 troc
415 1441 504 1505 posse
525 1419 678 1507 ignorari,
708 1420 774 1494 vel,
798 1419 829 1482 si
852 1417 946 1495 velis,
967 1417 1125 1503 ignorare,
1149 1422 1216 1488 sci·

116 1521 201 1590 licet
225 1541 301 1600 cos,
330 1522 374 1590 ad
396 1540 483 1606 quos
507 1522 610 1590 verba
633 1521 726 1586 iacit.
768 1519 827 1584 Sic
850 1533 889 1582 ιι.
908 1519 961 1584 m.
996 1519 1142 1604 ‘Neque
1164 1525 1216 1606 ig·

114 1641 237 1689 uocare
252 1642 457 1710 quenquam,
471 1623 503 1688 si
516 1627 585 1688 tam
600 1631 698 1688 atrox
719 1621 842 1706 injuria
855 1620 1031 1702 probanda
1046 1623 1105 1700 sit,
1120 1623 1215 1701 iore,’

116 1725 181 1792 &a

164 1823 296 1889 Ibidem
305 1825 484 1908 respondet
497 1823 668 1902 Priamus,
689 1823 860 1907 ‘iniquum
875 1819 1009 1888 videtur
1029 1823 1215 1890 insimulari
1290 1909 1292 1916 Δ
1386 1911 1390 1922 ¹

117 1943 212 2000 eam,
229 1924 289 2006 qui
310 1924 409 2000 absit,
434 1924 581 1988 maximo
603 1943 681 1989 cum
701 1922 774 1986 lieri
797 1923 923 2006 possit,
938 1923 991 1998 uti
1014 1943 1089 2006 qum
1104 1925 1215 1991 crimi-

114 2044 203 2090 nose
216 2023 353 2108 objecta
373 2029 460 2100 sunt,
482 2025 640 2108 praesenti
661 2021 861 2088 refutatione
882 2022 1071 2090 diluantur.'
1114 2025 1214 2108 Quis,
1316 2072 1320 2078 -

72 2143 75 2150 ’
115 2127 179 2192 ubi
194 2127 344 2194 animum
354 2124 508 2204 attendit,
517 2144 584 2191 non
599 2125 713 2191 videat
724 2124 911 2207 legendum,
920 2122 1108 2208 prosectis?
1142 2201 1145 2208 .

124 2275 127 2284 .
161 2245 189 2292 ι.
203 2229 235 2294 8.
257 2226 406 2310 ‘Reguli
420 2233 559 2312 repente
575 2223 788 2291 Concilium'
801 2225 868 2304 (vel
883 2225 1090 2292 ‘Consilium
1102 2225 1122 2291 ι’
1143 2233 1213 2293 erat

116 2327 208 2392 euim
237 2348 303 2392 non
325 2329 465 2412 Populi,
485 2327 547 2396 sod
560 2331 571 2364 ‘
585 2325 726 2406 sanum,'
746 2345 832 2410 quos
856 2325 937 2393 Rex
960 2326 1212 2410 ‘conduxernt‚'

114 2429 182 2495 hoc
197 2436 261 2507 est,
284 2428 458 2514 coiigerat‚·
471 2437 504 2497 et
527 2425 783 2512 ‘consulabat')
804 2431 815 2464 ‘
825 2428 1020 2515 irrumpunt,
1035 2433 1135 2514 atque
1160 2432 1211 2496 iu·

114 2529 257 2596 conditis
281 2531 435 2598 moribus
454 2530 581 2594 malum
603 2529 744 2609 singuiis
766 2529 977 2594 minitantur!
1021 2531 1104 2596 Soio
1119 2536 1212 2616 equi·

116 2629 193 2708 dem
207 2628 309 2692 etiam
322 2632 333 2661 ‘
346 2625 541 2690 inconditos
553 2621 682 2690 morcs’
704 2623 785 2700 dici,
799 2626 902 2692 etiam
916 2627 962 2689 ab
983 2635 1119 2694 auctore
1133 2652 1212 2697 ιιοιι-

114 2737 184 2794 tro.
227 2727 296 2792 Sed
315 2733 350 2792 ct
362 2725 498 2792 memini
521 2725 628 2788 hosce
641 2724 740 2808 ipsos
753 2724 887 2806 regulos
901 2725 1007 2807 paulo
1027 2732 1102 2793 aute
1128 2733 1212 2796 ‘lin.

114 2849 182 2913 gua
203 2812 421 2913 moribusque
448 2822 629 2891 barbaros'
652 2825 773 2890 vocari.
817 2825 937 2892 Nihilo
964 2834 1078 2895 tamen
1100 2835 1210 2901 minus

111 2931 191 2996 huic
205 2932 285 2997 loco
307 2938 343 2996 et
362 2929 457 2994 hisce
473 2926 790 2994 comminationibus
813 2928 914 3010 longe
931 2930 1066 2998 vitietur
1084 2954 1210 3022 oppos.

112 3035 235 3112 tunius,
262 3029 464 3121 ‘inconditis
479 3028 715 3108 ,clamoubm’
737 3029 907 3114 quomodo
921 3037 956 3096 et
977 3033 1065 3098 inira
1084 3051 1141 3101 ιιι.
1155 3040 1209 3106 10.

113 3139 148 3204 lo
173 3137 274 3202 uitur.

119 3273 123 3278 ·
149 3157 184 3302 (ξ.
198 3238 233 3303 9.
254 3233 358 3300 ‘ch
371 3234 504 3298 hortatu
519 3231 673 3298 Hecubae
689 3231 734 3298 ari
749 3231 918 3298 Helenam
933 3231 1026 3298 adit!
1047 3233 1118 3301 Hic
1129 3256 1209 3304 vcro

113 3337 288 3423 legendum
298 3336 483 3412 videbatur,
497 3333 621 3416 ‘Regis
635 3335 766 3401 hortatu
781 3333 951 3400 Hecuba'
995 3333 1086 3402 Nam
1108 3346 1144 3406 ut
1158 3346 1209 3407 ta·
1235 3383 1244 3402 ,

114 3459 223 3517 ceam,
237 3437 344 3522 magis
360 3435 516 3502 decorum
531 3455 621 3514 essu,
643 3442 681 3503 nt
704 3435 870 3502 Helenam
895 3455 1011 3502 recens
1031 3439 1208 3506 advenien-

115 3547 185 3606 tem
205 3539 313 3606 adiret
335 3536 468 3621 Regina
491 3555 620 3615 socrus,
635 3554 737 3621 quam
750 3536 846 3602 solus
872 3535 953 3602 Rex
969 3537 1082 3616 Socer,
1097 3545 1211 3604 emen·
1336 3546 1340 3554 '

118 3638 266 3704 dandum
278 3641 325 3705 ita
339 3637 517 3704 videbatur
530 3637 585 3702 uel
610 3638 769 3714 maxime,
783 3637 861 3720 quia
882 3638 996 3702 statim
1011 3646 1093 3720 post
1106 3640 1208 3706 hocce

116 3736 322 3826 colloquium
339 3740 417 3806 cuni
437 3737 581 3818 Helena,
597 3736 736 3822 subjicit
748 3743 888 3817 anctor;
910 3737 1035 3818 ‘igitur
1050 3737 1207 3818 Hecuba,

116 3842 299 3926 complexa
327 3841 504 3920 Helenam,
524 3858 567 3908 ne
590 3834 803 3922 proderetur'
822 3837 912 3920 quod
934 3837 1069 3902 Helena
1091 3838 1125 3902 in
1147 3839 1206 3906 illo·

112 3944 288 4028 colloquio
318 3945 501 4024 rogaverat,
525 3940 692 4004 ‘summis
720 3938 846 4022 opibus
869 3934 1101 4004 adnitebatur?
1138 3939 1207 4008 Sed

115 4053 242 4126 tamen,
264 4044 428 4112 Maletum
451 4061 528 4108 cum
542 4038 689 4118 contero,
704 4045 865 4111 tumuere
879 4038 1101 4122 explicandus
1117 4041 1206 4122 uidc-
1274 4101 1275 4106 ,
