3028 4900
498 295 616 346 scurra
640 297 790 348 raorca.
1141 289 1186 356 π

96 439 188 503 unde
203 444 244 503 et
253 440 346 504 locus
360 438 530 504 dicebatur
543 441 763 522 gymnasium.
805 439 934 504 Lucan.
950 457 1016 506 vrr.
1030 441 1182 510 Phraal.

94 541 175 602 270.
222 539 360 604 Lucian.
374 539 409 602 in
420 536 661 622 Anacharsid.)
669 546 850 617 ceromate,
862 539 898 604 id
912 546 981 617 est,
991 542 1182 610 athletarum

95 639 173 702 oleo
188 638 324 707 inuncti,
338 645 376 701 ut
388 658 507 702 manus
520 640 671 704 fallerent
685 640 1014 723 apprehendentium.
1056 641 1181 710 lucan.
1252 665 1258 677 ·

95 753 149 798 ιν.
162 737 315 804 Pharsal·
335 738 411 801 613.
436 738 479 802 de
507 739 653 804 Hercule
676 740 853 803 luctaturo.
874 739 1013 816 Statius,
1031 756 1077 803 vr.
1097 742 1182 806 Tbe-

93 836 185 900 baid.
199 838 278 902 830.
321 837 417 901 Unde
432 857 509 901 sese
522 838 667 902 invicem
681 857 783 903 arena
800 838 899 921 jacta
912 842 1184 922 conspergebant,

94 941 132 998 ut
159 936 290 1000 lubrica
320 955 461 1018 corpora
481 937 716 1019 prehensiones
735 937 957 1004 admitterent.
1001 937 1100 1005 Ouid.
1124 956 1182 1003 ru.

95 1035 236 1101 Metam.
249 1035 303 1100 85.
317 1035 360 1098 de
374 1036 494 1102 eodem
509 1037 666 1102 Hercule.
710 1038 849 1121 Quippe
871 1041 905 1103 in
925 1040 1020 1105 lucta
1033 1059 1072 1104 se
1092 1039 1181 1104 invi-

94 1154 169 1200 cem
183 1156 252 1202 non
265 1137 495 1210 verberabant,
510 1136 572 1198 sed
596 1137 802 1202 solummodo
817 1139 1131 1220 complectebantur,
1146 1144 1185 1205 ut

94 1235 183 1298 alter
196 1237 339 1300 alterum
352 1236 443 1300 humi
459 1235 623 1317 dejiceret.
667 1238 710 1299 In
724 1256 792 1320 qno
804 1237 1185 1318 prasertimlandandus

93 1335 233 1412 athleta,
256 1337 314 1418 qui
341 1341 603 1418 concertantem,
630 1337 701 1399 sine
729 1336 875 1418 pulveris
904 1335 1003 1418 jactu
1029 1339 1183 1404 vinceret.

92 1435 184 1500 Plin.
201 1437 250 1499 Η.
266 1436 347 1500 Nat.
363 1451 491 1500 xxxv.
503 1437 554 1500 11.
568 1437 612 1500 de
629 1437 807 1520 Dioxippo
821 1435 1019 1500 Alcimacbi.

137 1536 188 1600 Hi
204 1555 287 1600 vero
301 1537 480 1600 luctatores
494 1535 528 1599 in
543 1536 804 1618 Segestanorum
821 1534 855 1599 N
856 1553 967 1600 ummo
981 1540 1183 1619 spectantur,

94 1637 185 1718 apud
218 1636 394 1718 Begerum,
422 1635 582 1700 'l'hesaua
609 1637 775 1702 Brandeb.
803 1637 838 1698 in
859 1633 954 1699 Sicil.
982 1635 1087 1700 Num.
1107 1637 1184 1700 370.

93 1739 215 1818 quales
226 1744 260 1800 et
280 1757 325 1799 ex
338 1735 590 1818 Aspendiorum
603 1738 708 1801 Num.
722 1757 741 1800 e
756 1735 879 1801 Patino
895 1753 1000 1816 nuper
1014 1735 1184 1812 dederam,

92 1838 139 1901 ad
155 1836 260 1899 ovid.
277 1836 415 1899 Heroid.
431 1836 484 1900 18.
505 1837 616 1919 Epist.
629 1847 664 1900 et
685 1836 865 1913 Martialis,
880 1851 933 1898 ru.
946 1836 1001 1898 55.
1012 1836 1046 1898 7.
1090 1834 1185 1912 Quos

92 1946 211 2000 tamen
230 1943 302 1997 arte
316 1939 348 1997 et
362 1934 527 2015 elegantia
548 1940 705 2016 superant
724 1936 922 1998 luctatorum
945 1932 1080 2012 Statum,
1095 1935 1185 2018 apud

13 2119 14 2124 ἵ
93 2035 311 2110 Perrierium,
328 2034 560 2117 Episcopium,
581 2040 776 2117 ceterosque
795 2033 1082 2100 Monumentorum
1096 2055 1185 2100 mar·

95 2153 287 2201 moreorum
301 2134 515 2199 collectores.

437 2345 545 2412 XIV.
590 2345 850 2413 NAUPLIUS.

494 2498 641 2560 Irin-vr.
663 2496 801 2557 Gaul.

97 2641 192 2706 ‘Eos
215 2641 386 2723 Nauplius
407 2641 515 2704 ultum
535 2640 576 2700 iri
600 2639 739 2719 cupiens
761 2635 953 2699 Palamedis
972 2655 1099 2712 necem,
1126 2657 1187 2718 per

140 2747 276 2806 noctem
290 2741 360 2820 igni
372 2738 462 2802 elato
475 2736 518 2801 ad
532 2755 574 2799 ea
593 2735 669 2799 loca
683 2733 868 2811 deflectere,
884 2739 1040 2817 tanquam
1052 2735 1097 2804 ad
1110 2755 1188 2818 por-

112 2895 113 2900 ,
143 2848 217 2904 tum
233 2837 407 2920 coligeret-⁹
1089 2835 1093 2845 '

140 2957 356 3032 Naurnrus,
380 2952 533 3036 Neptuni
555 2956 590 3016 et
601 2949 807 3035 Amymones
827 2951 929 3030 tilius,
950 2971 1012 3016 rex
1035 2951 1183 3031 Enbaae,

100 3067 195 3141 pater
211 3055 412 3120 Palamedis.
457 3052 572 3128 Hunc,
586 3050 722 3134 Ulyssis
741 3059 824 3126 arte,
842 3051 975 3133 judicio
996 3050 1111 3130 iniquo
1124 3053 1186 3114 cir·

15 3229 16 3234 1
102 3162 322 3232 cumventum,
335 3153 507 3236 lapidibus
522 3154 699 3216 obruerant
711 3150 833 3214 Graeci.
856 3149 969 3225 Pater,
980 3148 1185 3212 ulciscendae

16 3309 17 3332 ,
102 3261 193 3324 necis
218 3256 351 3332 avidus,
376 3253 546 3319 Graeciam
567 3253 755 3316 universam
776 3255 980 3332 peragratur,
998 3261 1187 3332 uxoresque

16 3335 17 3392 Ψ
102 3359 299 3440 principum,
314 3355 374 3437 qui
388 3354 433 3417 ad
439 3351 578 3434 Trojam
592 3349 789 3426 militabant,
804 3351 838 3413 in
847 3349 1007 3433 juvenum
1022 3348 1186 3415 adulteria

103 3457 241 3540 pellicit,
260 3455 406 3518 futurum
430 3471 582 3534 sperans,
605 3455 642 3516 ut
661 3449 880 3515 atrocissimis
903 3451 947 3514 ob
969 3451 1055 3514 banc
1065 3450 1186 3531 iurgiis

103 3559 261 3620 intereos
275 3555 409 3630 exortis,
420 3571 537 3616 necem
550 3551 742 3615 Palamedis
763 3549 857 3615 caede
871 3556 988 3614 mutua
1000 3547 1186 3632 expiarent.

104 3656 277 3732 Praeterca,
300 3655 442 3730 GraeciS,
463 3673 580 3718 eversa
595 3652 668 3736 jam
683 3652 798 3734 Troja,
818 3649 1030 3713 redeuntibus
1051 3666 1092 3709 ac
1105 3651 1185 3709 tem-

103 3754 504 3839 pestatelaborantibus,
527 3773 549 3817 a
577 3750 755 3833 Caphereo
786 3747 925 3812 Eaboem
962 3745 1186 3832 promontorio

103 3858 213 3938 ignem
228 3855 389 3930 extendit,
402 3854 610 3932 classemque
622 3858 783 3932 tanquam
802 3847 847 3910 ad
868 3848 1044 3911 salutarem
1057 3849 1186 3925 portum

106 3957 360 4038 adnavigantenr
380 3954 414 4016 iu
429 3950 630 4020 Gboeradum
651 3948 850 4031 asperrimos
864 3945 1003 4028 pellexit
1017 3942 1186 4025 scopulos,
1278 4017 1282 4028 .

108 4075 356 4137 arumnoscque
378 4053 554 4135 castigavit
582 4046 766 4128 naufragio.
810 4042 857 4108 At
885 4042 1067 4126 intelligens
1095 4050 1186 4128 post·
