3044 4896
147 332 312 385 pleuros
334 331 541 382 ultumum
565 333 613 380 DE
637 334 755 382 ultano
777 335 948 384 TROJANO
973 338 1044 386 utu.
1070 341 1102 388 V.
1134 325 1199 391 Ἀθ

105 472 346 546 amicissimos,
360 469 419 551 qni
441 467 519 532 inde
538 469 610 552 jam
633 488 655 534 a
676 469 802 553 Pelope
823 473 887 536 orti
909 473 1078 540 affinitatis
1095 478 1197 542 etiam

98 573 177 654 -jure
186 572 287 636 nobis
298 569 469 652 conjuncti
481 575 587 633 sunt·
609 569 766 653 Namque
780 572 811 634 si
825 574 990 652 praeterita
1003 575 1093 640 mala
1102 581 1199 640 'sunr-
1231 640 1232 646 ,

99 674 224 738 metim
246 672 408 752 attingere
423 676 641 753 oporteat-en
664 689 810 754 unquam
821 670 860 710 ⁶⁶
881 673 1001 737 civitas
1015 682 1128 754 nostra
1143 678 1199 742 de-

105 791 224 854 pressa
246 770 404 836 aerumnis
429 769 473 834 ad
499 770 649 852 requiem
670 769 829 836 emersitl
874 770 1071 854 Usquamne
1099 779 1198 841 nobis

101 873 242 936 ‚deluere
255 871 364 946 fletus,
379 870 558 934 autsoeiis
572 871 756 938 imminutae
772 871 1010 938 calamitates?
1055 874 1199 952 Quando

108 991 175 1035 uon
188 970 301 1047 amici,
315 975 478 1053 parentes,
488 971 679 1052 propinqui,
688 969 748 1034 lilii
760 969 902 1054 denique
913 973 948 1034 in
961 966 1050 1037 belle
1062 977 1199 1042 amissit

101 1070 151 1136 -Et
174 1078 210 1136 ut
232 1089 276 1134 ex
298 1089 353 1134 rue
374 1069 575 1151 reliquorum
604 1069 755 1134 luctuum
777 1073 969 1140 memoriam
995 1093 1199 1153 recenseam,

110 1172 271 1254 quidnam
292 1171 327 1234 in
349 1170 482 1236 Glauco
498 1169 569 1233 filio
589 1171 754 1236 toleravil
799 1170 905 1254 Cujus
926 1175 1072 1240 interitus
1094 1196 1200 1258 quan·

103 1293 206 1356 quam
216 1273 358 1338 acerbus
367 1271 456 1346 mihi,
468 1289 532 1334 non
542 1279 671 1334 tamen⁷
685 1271 733 1336 ita
744 1271 849 1336 dolori
862 1272 937 1348 luit,
952 1293 1052 1354 quam
1064 1282 1200 1358 tempus

109 1375 203 1450 illud,
218 1393 285 1456 quo
303 1371 484 1454 adjunctus
499 1369 704 1449 Alexandro,
719 1372 762 1436 ad
783 1380 918 1454 raptum
931 1372 1073 1438 Helenae
1099 1377 1201 1440 oemi-

101 1482 214 1544 xtatum
230 1473 283 1537 sui
297 1468 467 1557 prabuiad
497 1473 564 1538 Sed
580 1472 821 1554 praeteritorum
836 1474 941 1536 saties
954 1473 984 1533 :⁸
999 1475 1121 1538 iirturis
1135 1477 1202 1540 sal·

111 1582 175 1640 tem
192 1575 396 1658 parcendum
411 1593 451 1637 ac
464 1573 697 1638 consulendum
712 1579 774 1638 est.
796 1572 911 1638 Graeci
925 1573 1075 1640 hemines
1089 1585 1202 1641 eusto-

100 1676 168 1740 ·des
182 1676 261 1740 fidei
276 1694 317 1740 ao
332 1675 492 1750 veritatis,
501 1675 670 1757 principes
684 1675 949 1740 benevolentiae‘
964 1683 1064 1759 atque
1077 1676 1201 1742 officie-

110 1795 193 1842 rum.
235 1776 348 1840 Testis
371 1775 423 1840 his
448 1776 550 1840 rebus
569 1775 808 1855 Priamusqui
826 1775 954 1857 inipso
976 1778 1116 1857 strepitu
1132 1777 1200 1842 dis-

114 1877 300 1943 eordiarum
315 1877 459 1942 fructum
481 1871 611 1940 tamen‘
632 1874 870 1938 misericordiae
885 1893 1000 1938 eorum
1016 1875 1113 1938 tolit:
1143 1897 1202 1940 ne-

111 1999 173 2063 que
188 1977 360 2042 inferendo
374 1977 499 2042 bellum
519 1977 699 2058 quiequam
718 1976 812 2056 prius
831 1982 1049 2040 temeratum
1069 1976 1113 2040 ab
1136 1977 1201 2053 his,

110 2099 210 2162 quam
231 2079 406 2161 perfidiam
428 2078 463 2138 in
486 2077 564 2157 ipsa
583 2074 760 2157 legatione,
775 2074 982 2157 insidiasque
1001 2079 1043 2140 ab
1058 2079 1201 2142 uostris⁸
1259 2076 1261 2080 ’
1315 2082 1321 2096 ·

100 2181 240 2263 :experti
262 2187 350 2244 sunt.
394 2178 435 2242 In
451 2197 518 2260 qua
531 2195 576 2252 re,
592 2176 670 2242 dieo
691 2175 780 2238 enim
801 2174 891 2257 quod
914 2176 1031 2252 sentio,
1048 2177 1201 2240 Priamus

111 2281 247 2363 ejusque
270 2279 330 2342 filii
352 2285 524 2346 auctores:
546 2277 618 2340 Ιιὶει
641 2277 752 2340 etiam·
766 2273 1000 2348 Antimachus,
1013 2276 1071 2357 qui
1084 2293 1201 2350 reeens

112 2381 245 2450 amissis
260 2379 386 2454 liberis,
399 2377 588 2460 iniqnitatis
602 2395 674 2442 suae
689 2394 805 2457 poeuas
820 2374 892 2440 luit.
936 2373 1026 2440 Haec
1042 2375 1153 2440 omnia
1167 2379 1201 2440 in

111 2483 249 2562 gratiam
262 2479 408 2544 Helenae
422 2485 529 2560 gesta,
541 2478 671 2542 scilieet
682 2475 754 2558 ejus
764 2475 924 2552 mulieris,
936 2495 1036 2557 qoam
1051 2495 1092 2538 ne
1108 2475 1203 2541 Grae·

112 2582 143 2644 ei
158 2579 290 2662 quidem
305 2580 452 2661 recipere
475 2579 634 2658 gestiunt.
679 2575 873 2639 Retiueatur
890 2575 991 2654 igitur
1011 2576 1045 2636 in
1065 2577 1202 2639 civitate

111 2698 151 2744 ea
165 2679 314 2754 foemina,
322 2678 367 2740 oh
381 2695 482 2759 quam
496 2675 589 2739 nulla
604 2693 697 2753 gens,
709 2674 789 2736 nulli
805 2673 923 2753 populi
934 2673 1033 2736 amiel
1048 2691 1204 2752 usquam,

144 2897 157 2922 ⁸
168 2886 265 2937 Durum
276 2889 320 2946 eet,
329 2884 426 2945 Μαί
437 2882 555 2946 prinsipes
564 2886 588 2930 et
598 2895 641 2929 voe
649 2878 715 2941 eonii,
724 2881 810 2928 durum
819 2877 885 2928 nolit
901 2877 983 2928 bellum
996 2879 1137 2930 eomitissa
1151 2895 1204 2928 eim

114 2950 230 3005 Gracia:
246 2949 287 2997 reri
297 2948 369 2996 multo
379 2948 462 2996 durior
472 2952 496 2996 et
508 2945 625 2996 molestius
635 2958 674 2994 eoo
683 2943 749 2992 noto
761 2948 858 3006 propter
868 2943 986 2992 nullom
996 2944 1104 2992 inintt'cor
1114 2945 1205 3004 socier,
1247 2992 1251 3002 ,

105 3016 152 3078 qui
164 3012 234 3062 mico
244 3009 311 3060 notu
320 3025 389 3075 quma
398 3011 500 3060 manime
510 3009 592 3072 nect,
601 3006 743 3072 quiqueioar
753 3022 825 3072 toque
835 3023 851 3056 a
862 3007 949 3070 Pelope
958 3008 1053 3056 emundi
1064 3010 1204 3066 managai·

114 3077 282 3131 nicquetum
290 3076 432 3145 oiaotrlonor
442 3075 553 3127 mome-
1157 3118 1161 3126 ,

577 3212 607 3233 00
610 3210 758 3233 ”moene

115 3366 158 3413 que
169 3355 228 3413 post
238 3349 315 3398 losio·
326 3347 353 3396 in
366 3345 511 3408 Delph.-6
527 3342 612 3404 Vulgo
622 3341 772 3402 quanda-⁷
789 3338 887 3400 Delph.
898 3344 977 3387 lumea
987 3341 1091 3386 ποι-8
1107 3337 1203 3399 Delplr.

114 3417 231 3466 arlia-0
246 3410 369 3475 vindingi
379 3408 605 3473 legendum-putat
620 3409 736 3454 tentatura
756 3408 799 3453 out
816 3407 902 3453 temere
918 3405 1053 3451 ocium—l
1072 3401 1165 3465 Delph.
1179 3403 1205 3449 ia

612 3577 723 3631 NOTAE

148 3707 160 3734 ⁶
177 3699 217 3747 Ea
227 3696 338 3758 um]
354 3697 408 3745 Pro
426 3694 568 3760 ecquando.
593 3692 642 3740 ‘l'e-
681 3687 758 3751 primi
769 3685 974 3738 benevolentiam
984 3691 1011 3732 et
1022 3681 1107 3732 oilleia
1121 3681 1207 3746 Troja.

118 3782 186 3826 rent.
202 3772 258 3820 ‘En
276 3765 642 3832 unqmmtnjurtammmdtr·
682 3764 913 3826 niipraestitemnr.
966 3795 968 3802 .

120 3849 210 3901 timihi
221 3846 345 3909 scriptam
356 3842 465 3892 dicam?
719 3835 851 3886 'Man
869 3832 957 3896 tmen]
977 3833 1078 3894 Nempe
1095 3832 1206 3882 cadaver

150 3925 163 3958 ⁸¹
180 3921 325 3972 Corniculum
334 3918 371 3967 rui
380 3909 594 3980 potuiqunare
602 3928 641 3962 su·
681 3911 814 3962 Hectoris.

122 4013 170 4064 pra
183 3997 274 4047 retulit
287 3994 393 4056 Dictys,
405 3991 558 4041 Glaucone
569 3995 643 4051 patre
713 3983 888 4050 ‘iamdiuque
904 3981 934 4031 oo
952 3981 1057 4046 muris}
1070 3982 1099 4032 L
1117 3995 1138 4032 ι.
1154 3995 1208 4034 uon

121 4068 406 4136 'l'rojopnlsumiolme
681 4063 757 4127 longe
769 4060 895 4112 abluitie.

115 4149 129 4194 “.
152 4147 303 4210 ’,Ρήιωίρεε
313 4141 487 4205 ommia]
500 4140 531 4192 ld
542 4139 643 4204 ort,qul
842 4174 847 4182 .
