3028 4900
308 309 375 376 loo
648 323 804 374 niceros
827 312 1031 372 canescere

307 471 489 542 cummul,
512 473 749 548 preparentur·
793 461 846 530 ita
860 459 978 529 diebus
999 457 1130 546 paucis,
1146 459 1389 544 quinquaginta

307 565 443 628 navium
457 565 599 639 clausam
614 565 805 632 instructam
819 565 909 628 omni
923 581 1041 646 genere
1056 565 1285 644 compingunt.
1332 561 1392 626 Ce-

308 671 415 728 terum
437 665 481 728 ah
505 665 636 746 incepto
658 665 784 731 militiae
807 661 890 748 ejus,
912 670 1032 728 octavo
1054 663 1125 746 jam
1150 682 1235 727 anno
1261 662 1392 728 adhoc
1501 743 1502 748 ἵ

308 781 415 845 osque
431 771 585 848 tenrpus‘¹
608 772 792 841 consumto,
813 763 944 828 initium
962 765 1040 828 noui
1059 765 1266 845 occoeperat.
1310 751 1393 840 [lu]

307 858 356 925 lt
367 863 425 926 uhi
440 863 609 928 iostmctee
623 862 834 928 omnimodo·
861 863 986 928 classes
1008 867 1042 926 et
1062 881 1151 928 mare
1166 859 1295 944 navigii
1308 859 1396 943 pati·

308 967 391 1036 ene:
411 977 519 1044 usque
540 961 608 1025 ulla
632 981 685 1026 res
710 961 946 1044 impedimento
969 968 1048 1038 erat,
1063 961 1217 1044 Scythas,
1232 961 1296 1044 qui
1309 959 1395 1024 sorte

308 1063 477 1126 mercandi
503 1065 607 1144 gratia
635 1065 857 1146 appulerant‚⁹
887 1061 1074 1128 conductos
1101 1063 1265 1139 mercede,
1294 1061 1395 1124 duces
1503 1103 1504 1156 3

308 1161 521 1242 profectionis
536 1164 620 1246 ejus,
632 1163 792 1244 delegere.
822 1163 890 1228 Per
903 1161 990 1226 idem
1005 1167 1136 1242 ternpus
1146 1159 1322 1243 Telephus
1335 1160 1397 1223 do-
1502 1183 1504 1242 3

308 1260 376 1324 lore
391 1262 536 1325 uulneris
550 1263 634 1345 ejus,
648 1262 739 1346 qnod
759 1263 793 1326 in
814 1263 928 1346 praelio
943 1261 1117 1326 adversum
1132 1261 1274 1326 Graecca
1297 1277 1398 1322 acce·

308 1365 413 1442 perat,
427 1359 485 1424 diu
499 1359 687 1433 afflictatus,
708 1375 783 1421 cum
797 1361 890 1420 nullo
905 1361 1048 1420 remedio
1060 1357 1189 1421 mederi
1202 1365 1333 1438 posset,
1354 1353 1398 1420 ad

308 1463 509 1537 postremum
523 1455 689 1536 Apollinis
702 1455 838 1519 oraculo
852 1457 1009 1532 monitus,
1030 1457 1080 1521 uti
1102 1452 1270 1520 Achillem
1296 1461 1398 1537 atque

309 1551 501 1636 AEsculapii
515 1553 620 1618 lilios·
635 1555 827 1632 adhiberet,¹
844 1573 985 1638 propere
999 1555 1107 1638 Argoe
1120 1556 1267 1636 navigat
1308 1553 1397 1617 Dein

310 1653 440 1716 cunctis
450 1652 589 1718 ducibus
603 1672 738 1718 causam
752 1653 915 1718 adventus
928 1655 1001 1739 ejus
1010 1653 1267 1730 admirantihuS,
1280 1671 1397 1718 oracu-

310 1751 377 1814 lum
392 1752 499 1830 refert,
513 1761 613 1835 atque
627 1756 676 1818 ita
690 1760 773 1831 orat,
787 1773 829 1818 ne
844 1753 910 1818 sibi
929 1755 1127 1836 praedictum
1148 1755 1334 1818 remedium
1355 1749 1397 1814 ah

310 1851 426 1916 amicis
448 1859 630 1933 negaretur.
673 1851 762 1930 Quae
783 1855 842 1920 ubi
867 1874 1037 1936 accepere,
1049 1853 1197 1919 Achilles
1218 1872 1298 1916 cum
1323 1849 1406 1914 Ma·-

310 1948 437 2014 chaone
452 1959 487 2014 et
501 1953 671 2018 Podalirio
686 1953 876 2020 adhibentes
890 1973 1003 2019 curam
1019 1953 1167 2032 vulneri,²
1187 1955 1283 2019 hrevi
1299 1949 1398 2015 fidem

769 2129 799 2150 u
801 2130 918 2153 ΙΙΙΙΙΙ
920 2131 948 2151 n

310 2241 444 2298 «piam
456 2241 518 2306 rega
529 2241 622 2306 neree.
633 2247 716 2293 erc-1
735 2245 829 2308 nerpe.
840 2245 973 2294 maere-r
984 2242 1081 2312 neree.
1092 2241 1321 2304 teramum-s
1334 2240 1398 2290 eost

797 2415 905 2466 NOTAE

344 2549 356 2581 ‘¹
375 2540 522 2602 Octeeejms
532 2555 592 2590 ereo
602 2542 632 2590 nd
642 2543 684 2591 hoe
692 2555 766 2605 sepes
775 2549 833 2594 tere·
873 2542 980 2603 Ulyssee
991 2539 1044 2590 eit:
1062 2538 1121 2589 Non
1133 2541 1160 2586 te
1171 2535 1233 2586 dicit
1241 2537 1352 2601 Apollo,
1358 2535 1400 2587 sed

312 2615 366 2680 pue]
386 2613 426 2663 dd
444 2616 588 2665 institutum
601 2631 675 2666 suum
692 2619 789 2682 pergit,
806 2624 834 2668 ut
874 2623 1004 2666 auctorem
1020 2613 1130 2664 vulneris
1146 2611 1245 2661 hastam
1265 2615 1399 2666 nomindt:

313 2690 412 2738 scilicet
430 2689 462 2738 ed
479 2704 573 2739 nonum
589 2692 834 2755 annumerpeditio-
874 2706 1017 2760 quemcum
1030 2683 1400 2742 minentremeuieruseer!
1505 2675 1506 2694 ³

313 2777 371 2812 nem
384 2765 639 2823 Graecornmlrehat.
657 2774 685 2817 at
703 2775 837 2818 noneteu·
873 2767 917 2816 Slc
938 2765 1059 2814 ramentis
1080 2763 1161 2811 hesta
1184 2766 1303 2810 sanetum
1327 2762 1400 2810 'rele-

313 2843 367 2884 tnm
379 2851 422 2886 eor
433 2841 548 2902 applicet
556 2853 609 2888 ort
619 2841 748 2902 Trojeuoe.
875 2841 951 2906 phem
964 2841 1068 2903 scripsit
1075 2833 1190 2901 Euripid.
1209 2839 1333 2898 numae
1344 2833 1400 2894 aba·

345 2915 354 2938 ¹
371 2909 439 2958 Mare
456 2911 547 2972 anc'oeir'
561 2914 665 2975 patiens]
686 2915 730 2962 Sic
748 2915 836 2965 ‘terra
873 2915 1040 2979 χηεθίλγπαι
1047 2911 1310 2975 ῥινήμασιν.*Αὴτιιίι
1318 2913 1401 2960 hestae

313 2981 415 3045 patient
427 2983 525 3032 aratri!
873 2991 1001 3039 mulcetur
1012 2985 1150 3036 ramentis?
1181 2983 1234 3034 Alii
1250 2985 1328 3034 herba
1340 2997 1400 3046 que·

345 3063 354 3088 ⁸
369 3058 413 3106 ves·
423 3057 537 3108 Achillem
547 3061 837 3128 olueeAEecalnpiiJilies]
874 3063 933 3113 dene
944 3075 1017 3112 urum
1029 3059 1153 3110 Achillem
1170 3057 1271 3115 dicunt,
1289 3057 1334 3105 alli
1345 3056 1352 3102 i
1355 3065 1402 3117 psa

313 3133 356 3182 De
369 3131 470 3182 Achille
490 3140 590 3183 tantum
604 3135 717 3186 locutum
728 3143 770 3187 est
779 3153 836 3188 cre·
874 3137 955 3188 heatae
966 3135 1091 3198 erngiue.
1107 3132 1177 3182 Plln.
1189 3144 1256 3180 xxv.
1266 3136 1292 3178 5.
1303 3130 1311 3158 ‘
1324 3128 1400 3176 inve·

312 3209 399 3258 culum
421 3215 451 3258 nt
475 3206 558 3258 refert
581 3208 680 3274 Hygln.
705 3209 758 3261 fab.
774 3216 838 3262 111.
876 3211 916 3261 ult
939 3218 965 3261 et
987 3209 1101 3260 Achillea
1123 3205 1263 3268 discipulae
1282 3199 1399 3252 Chironis

313 3284 321 3310 ⁶
334 3283 492 3347 Responsum
504 3291 546 3333 est
557 3284 593 3346 ei,
605 3287 731 3336 neminem
739 3288 837 3338 mederi
876 3300 928 3348 qne
938 3282 1086 3334 vnlnarihee
1096 3277 1251 3331 mederetur,
1260 3291 1319 3339 qna
1331 3272 1364 3322 oh
1373 3270 1404 3354 id¹

313 3369 389 3419 pesae
400 3356 449 3403 uisi
460 3354 568 3402 sennem
579 3355 676 3404 hastam
688 3370 739 3419 qua
749 3359 837 3406 enine·
876 3355 1006 3404 Achilleos
1016 3359 1132 3402 vocetur.
1166 3351 1224 3400 ileo
1237 3363 1343 3400 sanasse
1352 3349 1401 3396 'le-

313 3425 469 3478 mtnserat!
876 3427 1094 3492 lephnnrdicitur.
1128 3427 1299 3490 Alilprimum
1310 3421 1399 3485 aerugi-

346 3499 514 3553 ‘Adiihmtse
524 3504 712 3567 commentari]
727 3503 837 3554 Quidem
876 3517 934 3552 uern
941 3503 1067 3553 invenisse
1075 3502 1237 3552 utilissimum
1246 3498 1399 3564 amplustria

314 3577 440 3634 scribunt,
452 3575 578 3626 Achillem
595 3577 688 3638 iterum
703 3579 777 3628 hasta
792 3594 838 3629 sne
876 3576 1397 3644 ideoquepingilurexcuspidedecnriene

315 3654 464 3703 vulnerasse
474 3651 628 3714 Telephum,
638 3660 667 3702 et
680 3654 718 3703 ite
728 3669 786 3704 euru
798 3670 837 3705 sa·
877 3669 934 3704 eane
951 3652 1034 3718 gladio
1054 3653 1080 3702 iu
1091 3655 1182 3702 rnlnne
1199 3651 1315 3714 Telephi·
1345 3643 1398 3696 Alii

315 3744 400 3788 nesse,
423 3729 467 3778 aed
489 3741 579 3778 verum
600 3728 677 3792 thus
699 3731 838 3780 curationis
877 3736 987 3791 utroque
1005 3719 1079 3776 nenne
1098 3726 1286 3775 medicamento
1295 3716 1399 3771 volunt!

315 3805 418 3852 modum
436 3817 483 3852 noe
502 3802 579 3852 docet
595 3801 694 3866 Hygia.
711 3802 766 3853 fab.
783 3808 839 3853 111.
878 3805 913 3854 Et
925 3816 1026 3853 xxxiv.
1038 3805 1079 3850 lc.
1095 3801 1158 3850 ‘Est
1169 3807 1197 3849 et
1208 3799 1297 3862 rubigo
1308 3793 1398 3862 ipsein

315 3876 398 3925 ‘Cum
411 3875 497 3926 (itaci
511 3875 543 3925 ab
555 3874 657 3926 Achille
673 3883 795 3940 peterent
807 3884 839 3928 ut
878 3878 1009 3940 remediis,
1024 3883 1050 3926 et
1068 3877 1106 3926 sic
1122 3874 1264 3937 Telephum
1283 3869 1399 3937 proditur

317 3941 458 4013 Telephum
473 3956 587 4007 teneret,
603 3949 718 4000 Achilles
735 3965 838 4015 respou-
878 3967 981 4003 eenaeee
995 3951 1126 4012 Achillam
1142 3949 1197 3998 eive
1216 3949 1242 3997 id
1262 3961 1327 3998 aree
1343 3943 1397 3991 eive

319 4024 367 4085 dit,
384 4037 411 4071 se
432 4029 513 4072 artem
534 4024 660 4074 medicem
678 4038 729 4074 uon
748 4024 840 4090 posse?
878 4023 964 4077 ferree
974 4025 1081 4090 cuspide
1092 4023 1165 4074 fecit.
1197 4022 1241 4072 Its
1256 4027 1327 4072 certe
1343 4016 1397 4084 piu·

318 4097 594 4162 (teramnensem
604 4097 746 4162 conpesce.)
767 4099 839 4149 'l'nuc
878 4101 949 4164 gitur
959 4114 1014 4150 eene
1026 4098 1158 4150 decutiens
1171 4095 1274 4160 ‘ledia’
1343 4097 1346 4102 '
