<?xml version="1.0" encoding="UTF-8"?>
<!DOCTYPE html PUBLIC "-//W3C//DTD XHTML 1.0 Transitional//EN"
    "http://www.w3.org/TR/xhtml1/DTD/xhtml1-transitional.dtd">
<html xmlns="http://www.w3.org/1999/xhtml" xml:lang="en" lang="en">
 <head>
  <title>
</title>
<meta http-equiv="Content-Type" content="text/html;charset=utf-8" />
  <meta name='ocr-system' content='tesseract 3.04.00' />
  <meta name='ocr-capabilities' content='ocr_page ocr_carea ocr_par ocr_line ocrx_word'/>
</head>
<body>
  <div class='ocr_page' id='page_1' title='image "./dictyscretensis00smidgoog_0024.png"; bbox 0 0 3036 4918; ppageno 0'>
   <div class='ocr_carea' id='block_1_1' title="bbox 315 312 1220 374">
    <p class='ocr_par' dir='ltr' id='par_1_1' title="bbox 315 312 1220 374">
     <span class='ocr_line' id='line_1_1' title="bbox 315 312 1220 374; baseline -0.008 0"><span class='ocrx_word' id='word_1_1' title='bbox 315 312 355 374; x_wconf 81' lang='lat' dir='ltr'><strong>ll</strong></span> <span class='ocrx_word' id='word_1_2' title='bbox 485 323 654 372; x_wconf 68' lang='lat' dir='ltr'><strong>ioannes</strong></span> <span class='ocrx_word' id='word_1_3' title='bbox 680 321 832 370; x_wconf 80' lang='lat' dir='ltr'><strong>vossius</strong></span> <span class='ocrx_word' id='word_1_4' title='bbox 858 321 905 370; x_wconf 85' lang='lat' dir='ltr'><strong>on</strong></span> <span class='ocrx_word' id='word_1_5' title='bbox 930 321 1043 368; x_wconf 82' lang='lat' dir='ltr'><strong>urorr</strong></span> <span class='ocrx_word' id='word_1_6' title='bbox 1069 313 1220 368; x_wconf 77' lang='lat' dir='ltr'><strong>narlso.</strong></span> 
     </span>
    </p>
   </div>
   <div class='ocr_carea' id='block_1_2' title="bbox 532 553 1180 637">
    <p class='ocr_par' dir='ltr' id='par_1_2' title="bbox 532 553 1180 637">
     <span class='ocr_line' id='line_1_2' title="bbox 532 553 1180 637; baseline 0.009 -6"><span class='ocrx_word' id='word_1_7' title='bbox 532 557 615 632; x_wconf 81' lang='lat' dir='ltr'><strong>DE</strong></span> <span class='ocrx_word' id='word_1_8' title='bbox 659 556 867 632; x_wconf 86' lang='lat' dir='ltr'><strong>DICTY</strong></span> <span class='ocrx_word' id='word_1_9' title='bbox 910 553 1180 637; x_wconf 81' lang='lat' dir='ltr'><strong>LAT1N0.</strong></span> 
     </span>
    </p>
   </div>
   <div class='ocr_carea' id='block_1_3' title="bbox 589 703 1246 930">
    <p class='ocr_par' dir='ltr' id='par_1_3' title="bbox 589 703 1246 930">
     <span class='ocr_line' id='line_1_3' title="bbox 624 703 1075 770; baseline -0.009 0"><span class='ocrx_word' id='word_1_10' title='bbox 624 705 693 770; x_wconf 81' lang='lat' dir='ltr'><strong>Ex</strong></span> <span class='ocrx_word' id='word_1_11' title='bbox 717 703 884 768; x_wconf 84' lang='lat' dir='ltr'><strong>EODEM</strong></span> <span class='ocrx_word' id='word_1_12' title='bbox 905 703 1075 770; x_wconf 84' lang='lat' dir='ltr'><strong>voss10</strong></span> 
     </span>
     <span class='ocr_line' id='line_1_4' title="bbox 589 835 1246 930; baseline -0.006 -43"><span class='ocrx_word' id='word_1_13' title='bbox 589 839 644 887; x_wconf 82' lang='lat' dir='ltr'><strong>ou</strong></span> <span class='ocrx_word' id='word_1_14' title='bbox 672 836 910 888; x_wconf 79' lang='lat' dir='ltr'><strong>nrsroarom</strong></span> <span class='ocrx_word' id='word_1_15' title='bbox 940 835 1115 888; x_wconf 75' lang='lat' dir='ltr'><strong>carrula.</strong></span> <span class='ocrx_word' id='word_1_16' title='bbox 1237 911 1246 930; x_wconf 94' lang='lat'><strong>.</strong></span> 
     </span>
    </p>
   </div>
   <div class='ocr_carea' id='block_1_4' title="bbox 306 975 1392 1658">
    <p class='ocr_par' dir='ltr' id='par_1_4' title="bbox 306 975 1392 1658">
     <span class='ocr_line' id='line_1_5' title="bbox 312 975 1391 1058; baseline -0.007 -16"><span class='ocrx_word' id='word_1_17' title='bbox 312 975 356 1056; x_wconf 82' lang='lat' dir='ltr'><strong>Q.</strong></span> <span class='ocrx_word' id='word_1_18' title='bbox 371 977 578 1042; x_wconf 69' lang='lat' dir='ltr'><strong>sonoros</strong></span> <span class='ocrx_word' id='word_1_19' title='bbox 602 975 773 1038; x_wconf 86' lang='lat' dir='ltr'><strong>Romanus</strong></span> <span class='ocrx_word' id='word_1_20' title='bbox 799 975 917 1040; x_wconf 86' lang='lat' dir='ltr'><strong>Latine</strong></span> <span class='ocrx_word' id='word_1_21' title='bbox 944 976 1088 1039; x_wconf 84' lang='lat' dir='ltr'><strong>creditur</strong></span> <span class='ocrx_word' id='word_1_22' title='bbox 1112 975 1253 1038; x_wconf 87' lang='lat' dir='ltr'><strong>vertisse</strong></span> <span class='ocrx_word' id='word_1_23' title='bbox 1271 975 1391 1058; x_wconf 89' lang='lat' dir='ltr'><strong>Dictyo</strong></span> 
     </span>
     <span class='ocr_line' id='line_1_6' title="bbox 310 1076 1392 1161; baseline -0.004 -17"><span class='ocrx_word' id='word_1_24' title='bbox 310 1079 501 1144; x_wconf 81' lang='lat' dir='ltr'><strong>Cretensem</strong></span> <span class='ocrx_word' id='word_1_25' title='bbox 521 1076 562 1140; x_wconf 92' lang='lat' dir='ltr'><strong>de</strong></span> <span class='ocrx_word' id='word_1_26' title='bbox 584 1077 673 1141; x_wconf 89' lang='lat' dir='ltr'><strong>bello</strong></span> <span class='ocrx_word' id='word_1_27' title='bbox 695 1077 861 1158; x_wconf 88' lang='lat' dir='ltr'><strong>Trojano:</strong></span> <span class='ocrx_word' id='word_1_28' title='bbox 895 1097 1037 1161; x_wconf 88' lang='lat' dir='ltr'><strong>eamque</strong></span> <span class='ocrx_word' id='word_1_29' title='bbox 1068 1079 1317 1142; x_wconf 76' lang='lat' dir='ltr'><strong>translationem</strong></span> <span class='ocrx_word' id='word_1_30' title='bbox 1343 1076 1392 1140; x_wconf 92' lang='lat' dir='ltr'><strong>di·</strong></span> 
     </span>
     <span class='ocr_line' id='line_1_7' title="bbox 309 1175 1392 1260; baseline -0.003 -18"><span class='ocrx_word' id='word_1_31' title='bbox 309 1197 405 1242; x_wconf 88' lang='lat' dir='ltr'><strong>casse</strong></span> <span class='ocrx_word' id='word_1_32' title='bbox 421 1175 466 1255; x_wconf 86' lang='lat' dir='ltr'><strong>Q.</strong></span> <span class='ocrx_word' id='word_1_33' title='bbox 480 1177 626 1241; x_wconf 84' lang='lat' dir='ltr'><strong>Arcadio</strong></span> <span class='ocrx_word' id='word_1_34' title='bbox 650 1177 783 1254; x_wconf 84' lang='lat' dir='ltr'><strong>Rufino,</strong></span> <span class='ocrx_word' id='word_1_35' title='bbox 797 1179 855 1260; x_wconf 88' lang='lat' dir='ltr'><strong>qui</strong></span> <span class='ocrx_word' id='word_1_36' title='bbox 877 1179 941 1241; x_wconf 88' lang='lat' dir='ltr'><strong>sub</strong></span> <span class='ocrx_word' id='word_1_37' title='bbox 961 1177 1182 1242; x_wconf 83' lang='lat' dir='ltr'><strong>Constantino</strong></span> <span class='ocrx_word' id='word_1_38' title='bbox 1203 1178 1291 1259; x_wconf 90' lang='lat' dir='ltr'><strong>Imp.</strong></span> <span class='ocrx_word' id='word_1_39' title='bbox 1312 1195 1392 1239; x_wconf 88' lang='lat' dir='ltr'><strong>con·</strong></span> 
     </span>
     <span class='ocr_line' id='line_1_8' title="bbox 309 1277 1392 1361; baseline -0.002 -19"><span class='ocrx_word' id='word_1_40' title='bbox 309 1279 453 1342; x_wconf 83' lang='lat' dir='ltr'><strong>sulatum</strong></span> <span class='ocrx_word' id='word_1_41' title='bbox 473 1277 577 1358; x_wconf 82' lang='lat' dir='ltr'><strong>gessit</strong></span> <span class='ocrx_word' id='word_1_42' title='bbox 599 1296 686 1341; x_wconf 90' lang='lat' dir='ltr'><strong>anno</strong></span> <span class='ocrx_word' id='word_1_43' title='bbox 708 1277 800 1342; x_wconf 90' lang='lat' dir='ltr'><strong>urbis</strong></span> <span class='ocrx_word' id='word_1_44' title='bbox 817 1293 1017 1342; x_wconf 80' lang='lat' dir='ltr'><strong>crouxvnr.</strong></span> <span class='ocrx_word' id='word_1_45' title='bbox 1061 1277 1127 1341; x_wconf 91' lang='lat' dir='ltr'><strong>Sed</strong></span> <span class='ocrx_word' id='word_1_46' title='bbox 1143 1277 1298 1361; x_wconf 88' lang='lat' dir='ltr'><strong>quisquis</strong></span> <span class='ocrx_word' id='word_1_47' title='bbox 1313 1295 1392 1340; x_wconf 87' lang='lat' dir='ltr'><strong>auc-</strong></span> 
     </span>
     <span class='ocr_line' id='line_1_9' title="bbox 308 1375 1390 1459; baseline -0.001 -18"><span class='ocrx_word' id='word_1_48' title='bbox 308 1385 359 1441; x_wconf 87' lang='lat' dir='ltr'><strong>tor</strong></span> <span class='ocrx_word' id='word_1_49' title='bbox 378 1384 430 1441; x_wconf 90' lang='lat' dir='ltr'><strong>est</strong></span> <span class='ocrx_word' id='word_1_50' title='bbox 450 1378 523 1459; x_wconf 90' lang='lat' dir='ltr'><strong>ejus</strong></span> <span class='ocrx_word' id='word_1_51' title='bbox 546 1378 670 1459; x_wconf 85' lang='lat' dir='ltr'><strong>operis,</strong></span> <span class='ocrx_word' id='word_1_52' title='bbox 694 1375 826 1452; x_wconf 81' lang='lat' dir='ltr'><strong>Latine,</strong></span> <span class='ocrx_word' id='word_1_53' title='bbox 840 1395 907 1440; x_wconf 88' lang='lat' dir='ltr'><strong>nou</strong></span> <span class='ocrx_word' id='word_1_54' title='bbox 926 1375 1045 1440; x_wconf 72' lang='lat' dir='ltr'><strong>Graece</strong></span> <span class='ocrx_word' id='word_1_55' title='bbox 1063 1377 1206 1459; x_wconf 84' lang='lat' dir='ltr'><strong>scripsit.</strong></span> <span class='ocrx_word' id='word_1_56' title='bbox 1249 1375 1390 1441; x_wconf 82' lang='lat' dir='ltr'><strong>Graecos</strong></span> 
     </span>
     <span class='ocr_line' id='line_1_10' title="bbox 307 1477 1390 1560; baseline 0 -20"><span class='ocrx_word' id='word_1_57' title='bbox 307 1486 420 1540; x_wconf 89' lang='lat' dir='ltr'><strong>tamen</strong></span> <span class='ocrx_word' id='word_1_58' title='bbox 443 1483 594 1540; x_wconf 81' lang='lat' dir='ltr'><strong>auctores</strong></span> <span class='ocrx_word' id='word_1_59' title='bbox 610 1496 683 1540; x_wconf 88' lang='lat' dir='ltr'><strong>cum</strong></span> <span class='ocrx_word' id='word_1_60' title='bbox 704 1477 835 1560; x_wconf 87' lang='lat' dir='ltr'><strong>judicio</strong></span> <span class='ocrx_word' id='word_1_61' title='bbox 860 1477 941 1559; x_wconf 82' lang='lat' dir='ltr'><strong>legit</strong></span> <span class='ocrx_word' id='word_1_62' title='bbox 963 1484 1064 1560; x_wconf 91' lang='lat' dir='ltr'><strong>atque</strong></span> <span class='ocrx_word' id='word_1_63' title='bbox 1080 1495 1126 1540; x_wconf 85' lang='lat' dir='ltr'><strong>ex</strong></span> <span class='ocrx_word' id='word_1_64' title='bbox 1152 1479 1193 1540; x_wconf 92' lang='lat' dir='ltr'><strong>iis</strong></span> <span class='ocrx_word' id='word_1_65' title='bbox 1209 1479 1390 1559; x_wconf 83' lang='lat' dir='ltr'><strong>excerpsit,</strong></span> 
     </span>
     <span class='ocr_line' id='line_1_11' title="bbox 306 1575 1389 1658; baseline 0.002 -20"><span class='ocrx_word' id='word_1_66' title='bbox 306 1595 382 1658; x_wconf 89' lang='lat' dir='ltr'><strong>quae</strong></span> <span class='ocrx_word' id='word_1_67' title='bbox 394 1575 523 1639; x_wconf 87' lang='lat' dir='ltr'><strong>veritati</strong></span> <span class='ocrx_word' id='word_1_68' title='bbox 538 1581 762 1640; x_wconf 88' lang='lat' dir='ltr'><strong>consentanea</strong></span> <span class='ocrx_word' id='word_1_69' title='bbox 774 1575 969 1640; x_wconf 87' lang='lat' dir='ltr'><strong>viderentur.</strong></span> <span class='ocrx_word' id='word_1_70' title='bbox 1015 1577 1089 1640; x_wconf 89' lang='lat' dir='ltr'><strong>Nec</strong></span> <span class='ocrx_word' id='word_1_71' title='bbox 1106 1585 1215 1640; x_wconf 89' lang='lat' dir='ltr'><strong>tamen</strong></span> <span class='ocrx_word' id='word_1_72' title='bbox 1228 1575 1389 1642; x_wconf 86' lang='lat' dir='ltr'><strong>Constan-</strong></span> 
     </span>
    </p>
   </div>
   <div class='ocr_carea' id='block_1_5' title="bbox 304 1668 1512 1973">
    <p class='ocr_par' dir='ltr' id='par_1_5' title="bbox 304 1668 1512 1973">
     <span class='ocr_line' id='line_1_12' title="bbox 304 1668 1512 1760; baseline 0.002 -22"><span class='ocrx_word' id='word_1_73' title='bbox 304 1678 365 1740; x_wconf 86' lang='lat' dir='ltr'><strong>tini</strong></span> <span class='ocrx_word' id='word_1_74' title='bbox 381 1695 467 1753; x_wconf 85' lang='lat' dir='ltr'><strong>aevo,</strong></span> <span class='ocrx_word' id='word_1_75' title='bbox 492 1675 548 1740; x_wconf 88' lang='lat' dir='ltr'><strong>sed</strong></span> <span class='ocrx_word' id='word_1_76' title='bbox 563 1677 699 1740; x_wconf 81' lang='lat' dir='ltr'><strong>saeculis</strong></span> <span class='ocrx_word' id='word_1_77' title='bbox 714 1676 844 1759; x_wconf 84' lang='lat' dir='ltr'><strong>aliquot</strong></span> <span class='ocrx_word' id='word_1_78' title='bbox 858 1685 948 1760; x_wconf 92' lang='lat' dir='ltr'><strong>post,</strong></span> <span class='ocrx_word' id='word_1_79' title='bbox 963 1677 1091 1741; x_wconf 83' lang='lat' dir='ltr'><strong>vixisse</strong></span> <span class='ocrx_word' id='word_1_80' title='bbox 1106 1696 1245 1742; x_wconf 89' lang='lat' dir='ltr'><strong>censeo:</strong></span> <span class='ocrx_word' id='word_1_81' title='bbox 1269 1679 1334 1748; x_wconf 83' lang='lat' dir='ltr'><strong>etsi</strong></span> <span class='ocrx_word' id='word_1_82' title='bbox 1349 1698 1389 1741; x_wconf 85' lang='lat' dir='ltr'><strong>eu</strong></span> <span class='ocrx_word' id='word_1_83' title='bbox 1508 1668 1512 1683; x_wconf 82' lang='grc'><em>’</em></span> 
     </span>
     <span class='ocr_line' id='line_1_13' title="bbox 305 1775 1511 1859; baseline 0.001 -20"><span class='ocrx_word' id='word_1_84' title='bbox 305 1777 351 1839; x_wconf 89' lang='lat' dir='ltr'><strong>sit</strong></span> <span class='ocrx_word' id='word_1_85' title='bbox 366 1775 522 1840; x_wconf 86' lang='lat' dir='ltr'><strong>dictionis</strong></span> <span class='ocrx_word' id='word_1_86' title='bbox 540 1777 713 1858; x_wconf 79' lang='lat' dir='ltr'><strong>elegantia,</strong></span> <span class='ocrx_word' id='word_1_87' title='bbox 729 1783 841 1840; x_wconf 87' lang='lat' dir='ltr'><strong>utnon</strong></span> <span class='ocrx_word' id='word_1_88' title='bbox 863 1777 1016 1859; x_wconf 87' lang='lat' dir='ltr'><strong>indignus</strong></span> <span class='ocrx_word' id='word_1_89' title='bbox 1030 1778 1163 1841; x_wconf 91' lang='lat' dir='ltr'><strong>omnino</strong></span> <span class='ocrx_word' id='word_1_90' title='bbox 1180 1776 1389 1842; x_wconf 83' lang='lat' dir='ltr'><strong>Constantini</strong></span> <span class='ocrx_word' id='word_1_91' title='bbox 1509 1844 1511 1853; x_wconf 67' lang='grc'>,</span> 
     </span>
     <span class='ocr_line' id='line_1_14' title="bbox 305 1874 1511 1973; baseline 0.004 -37"><span class='ocrx_word' id='word_1_92' title='bbox 305 1874 436 1956; x_wconf 90' lang='lat' dir='ltr'><strong>quidem</strong></span> <span class='ocrx_word' id='word_1_93' title='bbox 450 1877 576 1940; x_wconf 84' lang='lat' dir='ltr'><strong>saeculo</strong></span> <span class='ocrx_word' id='word_1_94' title='bbox 590 1876 748 1941; x_wconf 83' lang='lat' dir='ltr'><strong>videatur·</strong></span> <span class='ocrx_word' id='word_1_95' title='bbox 794 1876 894 1955; x_wconf 84' lang='lat' dir='ltr'><strong>Quod</strong></span> <span class='ocrx_word' id='word_1_96' title='bbox 911 1879 1062 1960; x_wconf 84' lang='lat' dir='ltr'><strong>inprimis</strong></span> <span class='ocrx_word' id='word_1_97' title='bbox 1077 1883 1169 1960; x_wconf 88' lang='lat' dir='ltr'><strong>patet</strong></span> <span class='ocrx_word' id='word_1_98' title='bbox 1185 1897 1229 1941; x_wconf 86' lang='lat' dir='ltr'><strong>ex</strong></span> <span class='ocrx_word' id='word_1_99' title='bbox 1244 1879 1389 1942; x_wconf 87' lang='lat' dir='ltr'><strong>editione</strong></span> <span class='ocrx_word' id='word_1_100' title='bbox 1508 1912 1511 1973; x_wconf 64' lang='lat'>3</span> 
     </span>
    </p>
   </div>
   <div class='ocr_carea' id='block_1_6' title="bbox 303 1974 1385 2157">
    <p class='ocr_par' dir='ltr' id='par_1_6' title="bbox 303 1974 1385 2157">
     <span class='ocr_line' id='line_1_15' title="bbox 303 1974 1385 2062; baseline 0.002 -24"><span class='ocrx_word' id='word_1_101' title='bbox 303 1993 428 2055; x_wconf 89' lang='lat' dir='ltr'><strong>nupera</strong></span> <span class='ocrx_word' id='word_1_102' title='bbox 437 1974 539 2055; x_wconf 86' lang='lat' dir='ltr'><strong>juxta</strong></span> <span class='ocrx_word' id='word_1_103' title='bbox 549 1975 635 2040; x_wconf 80' lang='lat' dir='ltr'><strong>Mas.</strong></span> <span class='ocrx_word' id='word_1_104' title='bbox 645 1976 730 2042; x_wconf 81' lang='lat' dir='ltr'><strong>Cod.</strong></span> <span class='ocrx_word' id='word_1_105' title='bbox 741 1979 912 2043; x_wconf 89' lang='lat' dir='ltr'><strong>emendata</strong></span> <span class='ocrx_word' id='word_1_106' title='bbox 927 1979 1149 2061; x_wconf 76' lang='lat' dir='ltr'><strong>quarLutetiae</strong></span> <span class='ocrx_word' id='word_1_107' title='bbox 1162 1978 1282 2062; x_wconf 87' lang='lat' dir='ltr'><strong>prodiit</strong></span> <span class='ocrx_word' id='word_1_108' title='bbox 1294 1979 1385 2059; x_wconf 89' lang='lat' dir='ltr'><strong>apud</strong></span> 
     </span>
     <span class='ocr_line' id='line_1_16' title="bbox 304 2073 622 2157; baseline -0.006 -19"><span class='ocrx_word' id='word_1_109' title='bbox 304 2074 392 2137; x_wconf 85' lang='lat' dir='ltr'><strong>Rob.</strong></span> <span class='ocrx_word' id='word_1_110' title='bbox 406 2073 622 2157; x_wconf 74' lang='lat' dir='ltr'><strong>Stephanum.</strong></span> 
     </span>
    </p>
   </div>
   <div class='ocr_carea' id='block_1_7' title="bbox 340 2255 1205 2484">
    <p class='ocr_par' dir='ltr' id='par_1_7' title="bbox 340 2255 1205 2484">
     <span class='ocr_line' id='line_1_17' title="bbox 340 2255 1205 2359; baseline 0.002 -7"><span class='ocrx_word' id='word_1_111' title='bbox 340 2255 345 2264; x_wconf 82' lang='grc'>’</span> <span class='ocrx_word' id='word_1_112' title='bbox 436 2353 440 2359; x_wconf 84' lang='grc'><em>,</em></span> <span class='ocrx_word' id='word_1_113' title='bbox 478 2289 603 2353; x_wconf 83' lang='lat' dir='ltr'><strong>roam</strong></span> <span class='ocrx_word' id='word_1_114' title='bbox 627 2291 690 2353; x_wconf 82' lang='lat' dir='ltr'><strong>ou</strong></span> <span class='ocrx_word' id='word_1_115' title='bbox 713 2289 987 2354; x_wconf 76' lang='lat' dir='ltr'><strong>Hlsuorucrs</strong></span> <span class='ocrx_word' id='word_1_116' title='bbox 1012 2290 1205 2354; x_wconf 77' lang='lat' dir='ltr'><strong>numnis</strong></span> 
     </span>
     <span class='ocr_line' id='line_1_18' title="bbox 628 2409 1195 2484; baseline 0.009 -3"><span class='ocrx_word' id='word_1_117' title='bbox 628 2455 632 2466; x_wconf 90' lang='lat'><strong>·</strong></span> <span class='ocrx_word' id='word_1_118' title='bbox 698 2419 789 2482; x_wconf 85' lang='lat' dir='ltr'><strong>Part.</strong></span> <span class='ocrx_word' id='word_1_119' title='bbox 803 2435 842 2481; x_wconf 90' lang='lat'><strong>11.</strong></span> <span class='ocrx_word' id='word_1_120' title='bbox 867 2418 932 2483; x_wconf 91' lang='lat' dir='ltr'><strong>Lit.</strong></span> <span class='ocrx_word' id='word_1_121' title='bbox 950 2421 992 2484; x_wconf 89' lang='lat' dir='ltr'><strong>D.</strong></span> <span class='ocrx_word' id='word_1_122' title='bbox 1190 2409 1195 2416; x_wconf 46' lang='lat'>⁵</span> 
     </span>
    </p>
   </div>
   <div class='ocr_carea' id='block_1_8' title="bbox 301 2563 1384 2651">
    <p class='ocr_par' dir='ltr' id='par_1_8' title="bbox 301 2563 1384 2651">
     <span class='ocr_line' id='line_1_19' title="bbox 301 2563 1384 2651; baseline 0.003 -22"><span class='ocrx_word' id='word_1_123' title='bbox 301 2563 374 2630; x_wconf 81' lang='lat' dir='ltr'><strong>Hrc</strong></span> <span class='ocrx_word' id='word_1_124' title='bbox 399 2587 531 2651; x_wconf 91' lang='lat' dir='ltr'><strong>quoque</strong></span> <span class='ocrx_word' id='word_1_125' title='bbox 553 2568 697 2651; x_wconf 86' lang='lat' dir='ltr'><strong>aliquem</strong></span> <span class='ocrx_word' id='word_1_126' title='bbox 723 2566 788 2630; x_wconf 92' lang='lat' dir='ltr'><strong>sibi</strong></span> <span class='ocrx_word' id='word_1_127' title='bbox 808 2568 916 2631; x_wconf 89' lang='lat' dir='ltr'><strong>locum</strong></span> <span class='ocrx_word' id='word_1_128' title='bbox 941 2567 1113 2650; x_wconf 89' lang='lat' dir='ltr'><strong>postulare</strong></span> <span class='ocrx_word' id='word_1_129' title='bbox 1129 2566 1259 2630; x_wconf 88' lang='lat' dir='ltr'><strong>videtur</strong></span> <span class='ocrx_word' id='word_1_130' title='bbox 1275 2568 1384 2632; x_wconf 80' lang='lat' dir='ltr'><strong>Dares</strong></span> 
     </span>
    </p>
   </div>
   <div class='ocr_carea' id='block_1_9' title="bbox 298 2665 1383 2947">
    <p class='ocr_par' dir='ltr' id='par_1_9' title="bbox 298 2665 1383 2947">
     <span class='ocr_line' id='line_1_20' title="bbox 300 2665 1383 2752; baseline 0 -21"><span class='ocrx_word' id='word_1_131' title='bbox 300 2668 475 2752; x_wconf 80' lang='lat' dir='ltr'><strong>Phrygius,</strong></span> <span class='ocrx_word' id='word_1_132' title='bbox 500 2668 552 2732; x_wconf 89' lang='lat' dir='ltr'><strong>vel</strong></span> <span class='ocrx_word' id='word_1_133' title='bbox 581 2669 693 2752; x_wconf 89' lang='lat' dir='ltr'><strong>potius</strong></span> <span class='ocrx_word' id='word_1_134' title='bbox 716 2665 955 2750; x_wconf 89' lang='lat' dir='ltr'><strong>supposititius</strong></span> <span class='ocrx_word' id='word_1_135' title='bbox 981 2669 1132 2749; x_wconf 84' lang='lat' dir='ltr'><strong>scriptor,</strong></span> <span class='ocrx_word' id='word_1_136' title='bbox 1158 2667 1214 2750; x_wconf 89' lang='lat' dir='ltr'><strong>qui</strong></span> <span class='ocrx_word' id='word_1_137' title='bbox 1236 2668 1298 2731; x_wconf 89' lang='lat' dir='ltr'><strong>sub</strong></span> <span class='ocrx_word' id='word_1_138' title='bbox 1320 2667 1383 2731; x_wconf 89' lang='lat' dir='ltr'><strong>hoc</strong></span> 
     </span>
     <span class='ocr_line' id='line_1_21' title="bbox 298 2765 1383 2850; baseline 0.003 -21"><span class='ocrx_word' id='word_1_139' title='bbox 298 2769 429 2830; x_wconf 87' lang='lat' dir='ltr'><strong>nomine</strong></span> <span class='ocrx_word' id='word_1_140' title='bbox 454 2769 690 2830; x_wconf 82' lang='lat' dir='ltr'><strong>circumfertur.</strong></span> <span class='ocrx_word' id='word_1_141' title='bbox 734 2767 772 2829; x_wconf 92' lang='lat' dir='ltr'><strong>Is</strong></span> <span class='ocrx_word' id='word_1_142' title='bbox 802 2785 847 2829; x_wconf 90' lang='lat' dir='ltr'><strong>ex</strong></span> <span class='ocrx_word' id='word_1_143' title='bbox 876 2766 998 2832; x_wconf 86' lang='lat' dir='ltr'><strong>Graeco</strong></span> <span class='ocrx_word' id='word_1_144' title='bbox 1024 2788 1045 2830; x_wconf 88' lang='lat' dir='ltr'><strong>a</strong></span> <span class='ocrx_word' id='word_1_145' title='bbox 1074 2766 1229 2831; x_wconf 89' lang='lat' dir='ltr'><strong>Cornelio</strong></span> <span class='ocrx_word' id='word_1_146' title='bbox 1250 2765 1383 2850; x_wconf 88' lang='lat' dir='ltr'><strong>Nepote</strong></span> 
     </span>
     <span class='ocr_line' id='line_1_22' title="bbox 298 2862 1382 2947; baseline 0.003 -20"><span class='ocrx_word' id='word_1_147' title='bbox 298 2865 481 2928; x_wconf 88' lang='lat' dir='ltr'><strong>translatus</strong></span> <span class='ocrx_word' id='word_1_148' title='bbox 497 2870 569 2927; x_wconf 89' lang='lat' dir='ltr'><strong>est:</strong></span> <span class='ocrx_word' id='word_1_149' title='bbox 594 2864 623 2925; x_wconf 88' lang='lat' dir='ltr'><strong>si</strong></span> <span class='ocrx_word' id='word_1_150' title='bbox 639 2862 793 2944; x_wconf 72' lang='lat' dir='ltr'><strong>epistolae</strong></span> <span class='ocrx_word' id='word_1_151' title='bbox 809 2866 928 2942; x_wconf 81' lang='lat' dir='ltr'><strong>nugaci</strong></span> <span class='ocrx_word' id='word_1_152' title='bbox 944 2866 1120 2940; x_wconf 88' lang='lat' dir='ltr'><strong>credimus,</strong></span> <span class='ocrx_word' id='word_1_153' title='bbox 1143 2885 1219 2947; x_wconf 85' lang='lat' dir='ltr'><strong>quae</strong></span> <span class='ocrx_word' id='word_1_154' title='bbox 1234 2869 1382 2946; x_wconf 86' lang='lat' dir='ltr'><strong>praemit-</strong></span> 
     </span>
    </p>
   </div>
   <div class='ocr_carea' id='block_1_10' title="bbox 298 2961 1382 3048">
    <p class='ocr_par' dir='ltr' id='par_1_10' title="bbox 298 2949 1513 3048">
     <span class='ocr_line' id='line_1_23' title="bbox 298 2961 1382 3048; baseline 0 -22"><span class='ocrx_word' id='word_1_155' title='bbox 298 2965 388 3026; x_wconf 86' lang='lat' dir='ltr'><strong>titur.</strong></span> <span class='ocrx_word' id='word_1_156' title='bbox 432 2963 511 3026; x_wconf 89' lang='lat' dir='ltr'><strong>Scio</strong></span> <span class='ocrx_word' id='word_1_157' title='bbox 539 2963 663 3025; x_wconf 87' lang='lat' dir='ltr'><strong>AEliani</strong></span> <span class='ocrx_word' id='word_1_158' title='bbox 698 2969 801 3026; x_wconf 86' lang='lat' dir='ltr'><strong>aelate</strong></span> <span class='ocrx_word' id='word_1_159' title='bbox 825 2961 1007 3026; x_wconf 85' lang='lat' dir='ltr'><strong>etiamnum</strong></span> <span class='ocrx_word' id='word_1_160' title='bbox 1030 2965 1182 3027; x_wconf 89' lang='lat' dir='ltr'><strong>extitisse</strong></span> <span class='ocrx_word' id='word_1_161' title='bbox 1205 2964 1382 3048; x_wconf 83' lang='lat' dir='ltr'><strong>Phrygiam</strong></span> 
     </span>
    </p>
   </div>
   <div class='ocr_carea' id='block_1_11' title="bbox 196 3061 1380 3146">
    <p class='ocr_par' dir='ltr' id='par_1_11' title="bbox 196 3061 1380 3146">
     <span class='ocr_line' id='line_1_24' title="bbox 196 3061 1380 3146; baseline 0.002 -19"><span class='ocrx_word' id='word_1_162' title='bbox 196 3073 198 3077; x_wconf 82' lang='grc'>’</span> <span class='ocrx_word' id='word_1_163' title='bbox 298 3063 431 3128; x_wconf 84' lang='lat' dir='ltr'><strong>Daretis</strong></span> <span class='ocrx_word' id='word_1_164' title='bbox 446 3063 599 3127; x_wconf 88' lang='lat' dir='ltr'><strong>Iliadem.</strong></span> <span class='ocrx_word' id='word_1_165' title='bbox 645 3061 734 3126; x_wconf 89' lang='lat' dir='ltr'><strong>Nam</strong></span> <span class='ocrx_word' id='word_1_166' title='bbox 754 3061 788 3125; x_wconf 92' lang='lat' dir='ltr'><strong>id</strong></span> <span class='ocrx_word' id='word_1_167' title='bbox 813 3063 897 3125; x_wconf 91' lang='lat' dir='ltr'><strong>satis</strong></span> <span class='ocrx_word' id='word_1_168' title='bbox 912 3063 1017 3146; x_wconf 90' lang='lat' dir='ltr'><strong>liquet</strong></span> <span class='ocrx_word' id='word_1_169' title='bbox 1038 3083 1083 3127; x_wconf 83' lang='lat' dir='ltr'><strong>ex</strong></span> <span class='ocrx_word' id='word_1_170' title='bbox 1104 3064 1175 3146; x_wconf 89' lang='lat' dir='ltr'><strong>ejus</strong></span> <span class='ocrx_word' id='word_1_171' title='bbox 1189 3064 1270 3129; x_wconf 88' lang='lat' dir='ltr'><strong>Var.</strong></span> <span class='ocrx_word' id='word_1_172' title='bbox 1288 3065 1380 3129; x_wconf 86' lang='lat' dir='ltr'><strong>Hist.</strong></span> 
     </span>
    </p>
   </div>
   <div class='ocr_carea' id='block_1_12' title="bbox 291 3163 1380 4230">
    <p class='ocr_par' dir='ltr' id='par_1_12' title="bbox 291 3163 1380 4230">
     <span class='ocr_line' id='line_1_25' title="bbox 296 3163 1380 3246; baseline 0.003 -18"><span class='ocrx_word' id='word_1_173' title='bbox 296 3164 319 3227; x_wconf 85' lang='grc' dir='ltr'><strong>Ι.</strong></span> <span class='ocrx_word' id='word_1_174' title='bbox 333 3179 388 3228; x_wconf 87' lang='lat' dir='ltr'><strong>xr.</strong></span> <span class='ocrx_word' id='word_1_175' title='bbox 405 3185 434 3228; x_wconf 91' lang='lat' dir='ltr'><strong>c.</strong></span> <span class='ocrx_word' id='word_1_176' title='bbox 451 3165 503 3227; x_wconf 93' lang='lat' dir='ltr'><strong>ll.</strong></span> <span class='ocrx_word' id='word_1_177' title='bbox 547 3164 613 3227; x_wconf 89' lang='lat' dir='ltr'><strong>Sed</strong></span> <span class='ocrx_word' id='word_1_178' title='bbox 632 3182 699 3226; x_wconf 91' lang='lat' dir='ltr'><strong>non</strong></span> <span class='ocrx_word' id='word_1_179' title='bbox 720 3163 848 3239; x_wconf 92' lang='lat' dir='ltr'><strong>dubito,</strong></span> <span class='ocrx_word' id='word_1_180' title='bbox 859 3165 940 3244; x_wconf 91' lang='lat' dir='ltr'><strong>quin</strong></span> <span class='ocrx_word' id='word_1_181' title='bbox 955 3165 1049 3246; x_wconf 86' lang='lat' dir='ltr'><strong>longe</strong></span> <span class='ocrx_word' id='word_1_182' title='bbox 1071 3165 1158 3228; x_wconf 84' lang='lat' dir='ltr'><strong>alius</strong></span> <span class='ocrx_word' id='word_1_183' title='bbox 1173 3164 1273 3229; x_wconf 86' lang='lat' dir='ltr'><strong>fuerit</strong></span> <span class='ocrx_word' id='word_1_184' title='bbox 1287 3166 1380 3231; x_wconf 82' lang='lat' dir='ltr'><strong>Grae·</strong></span> 
     </span>
     <span class='ocr_line' id='line_1_26' title="bbox 297 3255 1378 3349; baseline 0.004 -22"><span class='ocrx_word' id='word_1_185' title='bbox 297 3283 357 3327; x_wconf 88' lang='lat' dir='ltr'><strong>cus</strong></span> <span class='ocrx_word' id='word_1_186' title='bbox 382 3263 446 3326; x_wconf 91' lang='lat' dir='ltr'><strong>ille.</strong></span> <span class='ocrx_word' id='word_1_187' title='bbox 491 3263 580 3326; x_wconf 88' lang='lat' dir='ltr'><strong>Nam</strong></span> <span class='ocrx_word' id='word_1_188' title='bbox 606 3283 703 3344; x_wconf 92' lang='lat' dir='ltr'><strong>quem</strong></span> <span class='ocrx_word' id='word_1_189' title='bbox 726 3255 790 3326; x_wconf 87' lang='lat' dir='ltr'><strong>nos</strong></span> <span class='ocrx_word' id='word_1_190' title='bbox 817 3265 935 3327; x_wconf 86' lang='lat' dir='ltr'><strong>Latine</strong></span> <span class='ocrx_word' id='word_1_191' title='bbox 955 3264 1125 3343; x_wconf 88' lang='lat' dir='ltr'><strong>habemus,</strong></span> <span class='ocrx_word' id='word_1_192' title='bbox 1150 3265 1236 3330; x_wconf 85' lang='lat' dir='ltr'><strong>satis</strong></span> <span class='ocrx_word' id='word_1_193' title='bbox 1256 3268 1378 3349; x_wconf 89' lang='lat' dir='ltr'><strong>prodit,</strong></span> 
     </span>
     <span class='ocr_line' id='line_1_27' title="bbox 295 3363 1380 3446; baseline 0.006 -20"><span class='ocrx_word' id='word_1_194' title='bbox 295 3381 331 3426; x_wconf 89' lang='lat' dir='ltr'><strong>se</strong></span> <span class='ocrx_word' id='word_1_195' title='bbox 343 3363 474 3443; x_wconf 72' lang='lat' dir='ltr'><strong>exiguae</strong></span> <span class='ocrx_word' id='word_1_196' title='bbox 489 3369 524 3425; x_wconf 91' lang='lat' dir='ltr'><strong>et</strong></span> <span class='ocrx_word' id='word_1_197' title='bbox 538 3363 699 3427; x_wconf 86' lang='lat' dir='ltr'><strong>doctrinae</strong></span> <span class='ocrx_word' id='word_1_198' title='bbox 716 3371 750 3426; x_wconf 90' lang='lat' dir='ltr'><strong>et</strong></span> <span class='ocrx_word' id='word_1_199' title='bbox 765 3363 1018 3446; x_wconf 75' lang='lat' dir='ltr'><strong>judiciiluisse.</strong></span> <span class='ocrx_word' id='word_1_200' title='bbox 1063 3365 1170 3428; x_wconf 90' lang='lat' dir='ltr'><strong>Plane</strong></span> <span class='ocrx_word' id='word_1_201' title='bbox 1192 3375 1304 3430; x_wconf 91' lang='lat' dir='ltr'><strong>autem</strong></span> <span class='ocrx_word' id='word_1_202' title='bbox 1327 3387 1380 3432; x_wconf 86' lang='lat' dir='ltr'><strong>ar·</strong></span> 
     </span>
     <span class='ocr_line' id='line_1_28' title="bbox 294 3463 1376 3548; baseline 0.006 -22"><span class='ocrx_word' id='word_1_203' title='bbox 294 3463 407 3537; x_wconf 90' lang='lat' dir='ltr'><strong>bitror,</strong></span> <span class='ocrx_word' id='word_1_204' title='bbox 432 3481 506 3525; x_wconf 85' lang='lat' dir='ltr'><strong>esse</strong></span> <span class='ocrx_word' id='word_1_205' title='bbox 531 3471 748 3527; x_wconf 89' lang='lat' dir='ltr'><strong>commentum</strong></span> <span class='ocrx_word' id='word_1_206' title='bbox 776 3464 934 3544; x_wconf 89' lang='lat' dir='ltr'><strong>hominis,</strong></span> <span class='ocrx_word' id='word_1_207' title='bbox 965 3467 1024 3548; x_wconf 90' lang='lat' dir='ltr'><strong>qui</strong></span> <span class='ocrx_word' id='word_1_208' title='bbox 1053 3486 1118 3531; x_wconf 89' lang='lat' dir='ltr'><strong>non</strong></span> <span class='ocrx_word' id='word_1_209' title='bbox 1142 3473 1208 3531; x_wconf 90' lang='lat' dir='ltr'><strong>lam</strong></span> <span class='ocrx_word' id='word_1_210' title='bbox 1231 3470 1376 3544; x_wconf 84' lang='lat' dir='ltr'><strong>verterit,</strong></span> 
     </span>
     <span class='ocr_line' id='line_1_29' title="bbox 295 3563 1375 3648; baseline 0.01 -23"><span class='ocrx_word' id='word_1_211' title='bbox 295 3582 393 3646; x_wconf 89' lang='lat' dir='ltr'><strong>quam</strong></span> <span class='ocrx_word' id='word_1_212' title='bbox 409 3563 581 3646; x_wconf 84' lang='lat' dir='ltr'><strong>scripserit</strong></span> <span class='ocrx_word' id='word_1_213' title='bbox 593 3563 725 3629; x_wconf 88' lang='lat' dir='ltr'><strong>Latine:</strong></span> <span class='ocrx_word' id='word_1_214' title='bbox 748 3565 849 3629; x_wconf 90' lang='lat' dir='ltr'><strong>immo</strong></span> <span class='ocrx_word' id='word_1_215' title='bbox 863 3567 921 3648; x_wconf 91' lang='lat' dir='ltr'><strong>qui</strong></span> <span class='ocrx_word' id='word_1_216' title='bbox 942 3567 1029 3630; x_wconf 90' lang='lat' dir='ltr'><strong>haud</strong></span> <span class='ocrx_word' id='word_1_217' title='bbox 1053 3568 1233 3630; x_wconf 89' lang='lat' dir='ltr'><strong>admodum</strong></span> <span class='ocrx_word' id='word_1_218' title='bbox 1257 3569 1375 3636; x_wconf 85' lang='lat' dir='ltr'><strong>Latine</strong></span> 
     </span>
     <span class='ocr_line' id='line_1_30' title="bbox 294 3665 1374 3749; baseline 0.006 -23"><span class='ocrx_word' id='word_1_219' title='bbox 294 3665 438 3740; x_wconf 82' lang='lat' dir='ltr'><strong>sciverit,</strong></span> <span class='ocrx_word' id='word_1_220' title='bbox 465 3673 503 3726; x_wconf 89' lang='lat' dir='ltr'><strong>ut</strong></span> <span class='ocrx_word' id='word_1_221' title='bbox 531 3665 664 3728; x_wconf 90' lang='lat' dir='ltr'><strong>omnino</strong></span> <span class='ocrx_word' id='word_1_222' title='bbox 694 3667 727 3728; x_wconf 90' lang='lat' dir='ltr'><strong>in</strong></span> <span class='ocrx_word' id='word_1_223' title='bbox 754 3666 963 3749; x_wconf 83' lang='lat' dir='ltr'><strong>Glandorpio</strong></span> <span class='ocrx_word' id='word_1_224' title='bbox 988 3667 1152 3749; x_wconf 89' lang='lat' dir='ltr'><strong>judicium</strong></span> <span class='ocrx_word' id='word_1_225' title='bbox 1178 3668 1374 3746; x_wconf 89' lang='lat' dir='ltr'><strong>desiderem,</strong></span> 
     </span>
     <span class='ocr_line' id='line_1_31' title="bbox 294 3763 1376 3858; baseline 0.008 -33"><span class='ocrx_word' id='word_1_226' title='bbox 294 3782 369 3826; x_wconf 90' lang='lat' dir='ltr'><strong>cum</strong></span> <span class='ocrx_word' id='word_1_227' title='bbox 384 3763 631 3858; x_wconf 82' lang='lat' dir='ltr'><strong>translationem</strong></span> <span class='ocrx_word' id='word_1_228' title='bbox 646 3785 721 3828; x_wconf 91' lang='lat' dir='ltr'><strong>eam</strong></span> <span class='ocrx_word' id='word_1_229' title='bbox 737 3765 880 3850; x_wconf 88' lang='lat' dir='ltr'><strong>Nepotis</strong></span> <span class='ocrx_word' id='word_1_230' title='bbox 900 3787 973 3831; x_wconf 90' lang='lat' dir='ltr'><strong>esse</strong></span> <span class='ocrx_word' id='word_1_231' title='bbox 989 3769 1138 3834; x_wconf 86' lang='lat' dir='ltr'><strong>credidit.</strong></span> <span class='ocrx_word' id='word_1_232' title='bbox 1184 3769 1325 3852; x_wconf 85' lang='lat' dir='ltr'><strong>Majoris</strong></span> <span class='ocrx_word' id='word_1_233' title='bbox 1341 3778 1376 3834; x_wconf 90' lang='lat' dir='ltr'><strong>et</strong></span> 
     </span>
     <span class='ocr_line' id='line_1_32' title="bbox 293 3863 1373 3952; baseline 0.006 -27"><span class='ocrx_word' id='word_1_234' title='bbox 293 3863 497 3940; x_wconf 90' lang='lat' dir='ltr'><strong>eruditionis,</strong></span> <span class='ocrx_word' id='word_1_235' title='bbox 510 3869 544 3926; x_wconf 91' lang='lat' dir='ltr'><strong>et</strong></span> <span class='ocrx_word' id='word_1_236' title='bbox 559 3865 743 3946; x_wconf 77' lang='lat' dir='ltr'><strong>elegantia,</strong></span> <span class='ocrx_word' id='word_1_237' title='bbox 757 3873 808 3930; x_wconf 91' lang='lat' dir='ltr'><strong>est</strong></span> <span class='ocrx_word' id='word_1_238' title='bbox 820 3867 939 3950; x_wconf 87' lang='lat' dir='ltr'><strong>Dictys</strong></span> <span class='ocrx_word' id='word_1_239' title='bbox 949 3867 1134 3934; x_wconf 84' lang='lat' dir='ltr'><strong>Cretensis:</strong></span> <span class='ocrx_word' id='word_1_240' title='bbox 1154 3869 1270 3952; x_wconf 91' lang='lat' dir='ltr'><strong>dequo</strong></span> <span class='ocrx_word' id='word_1_241' title='bbox 1281 3877 1373 3950; x_wconf 88' lang='lat' dir='ltr'><strong>post-</strong></span> 
     </span>
     <span class='ocr_line' id='line_1_33' title="bbox 291 3963 1374 4049; baseline 0.009 -27"><span class='ocrx_word' id='word_1_242' title='bbox 291 3981 331 4024; x_wconf 90' lang='lat' dir='ltr'><strong>ea</strong></span> <span class='ocrx_word' id='word_1_243' title='bbox 346 3963 504 4028; x_wconf 88' lang='lat' dir='ltr'><strong>dicemus.</strong></span> <span class='ocrx_word' id='word_1_244' title='bbox 550 3965 659 4030; x_wconf 85' lang='lat' dir='ltr'><strong>Dares</strong></span> <span class='ocrx_word' id='word_1_245' title='bbox 675 3965 837 4049; x_wconf 84' lang='lat' dir='ltr'><strong>Phrygius</strong></span> <span class='ocrx_word' id='word_1_246' title='bbox 853 3988 926 4033; x_wconf 86' lang='lat' dir='ltr'><strong>cum</strong></span> <span class='ocrx_word' id='word_1_247' title='bbox 946 3970 1029 4033; x_wconf 92' lang='lat' dir='ltr'><strong>alibi</strong></span> <span class='ocrx_word' id='word_1_248' title='bbox 1052 3971 1163 4034; x_wconf 89' lang='lat' dir='ltr'><strong>Mstus</strong></span> <span class='ocrx_word' id='word_1_249' title='bbox 1185 3975 1288 4043; x_wconf 83' lang='lat' dir='ltr'><strong>extat,</strong></span> <span class='ocrx_word' id='word_1_250' title='bbox 1304 3973 1374 4032; x_wconf 90' lang='lat' dir='ltr'><strong>tum</strong></span> 
     </span>
     <span class='ocr_line' id='line_1_34' title="bbox 292 4057 1373 4150; baseline 0.014 -29"><span class='ocrx_word' id='word_1_251' title='bbox 292 4057 524 4144; x_wconf 82' lang='lat' dir='ltr'><strong>Cantabrigiae,</strong></span> <span class='ocrx_word' id='word_1_252' title='bbox 538 4065 570 4126; x_wconf 94' lang='lat' dir='ltr'><strong>in</strong></span> <span class='ocrx_word' id='word_1_253' title='bbox 589 4066 792 4130; x_wconf 86' lang='lat' dir='ltr'><strong>bibliotheca</strong></span> <span class='ocrx_word' id='word_1_254' title='bbox 808 4067 943 4146; x_wconf 85' lang='lat' dir='ltr'><strong>Gaiana,</strong></span> <span class='ocrx_word' id='word_1_255' title='bbox 966 4078 998 4134; x_wconf 90' lang='lat' dir='ltr'><strong>et</strong></span> <span class='ocrx_word' id='word_1_256' title='bbox 1018 4070 1153 4145; x_wconf 84' lang='lat' dir='ltr'><strong>Oxonii,</strong></span> <span class='ocrx_word' id='word_1_257' title='bbox 1169 4070 1201 4130; x_wconf 91' lang='lat' dir='ltr'><strong>in</strong></span> <span class='ocrx_word' id='word_1_258' title='bbox 1225 4067 1373 4150; x_wconf 75' lang='lat' dir='ltr'><strong>collegio</strong></span> 
     </span>
     <span class='ocr_line' id='line_1_35' title="bbox 291 4157 667 4230; baseline 0.021 -8"><span class='ocrx_word' id='word_1_259' title='bbox 291 4157 446 4224; x_wconf 91' lang='lat' dir='ltr'><strong>Omnium</strong></span> <span class='ocrx_word' id='word_1_260' title='bbox 461 4159 667 4230; x_wconf 85' lang='lat' dir='ltr'><strong>Animarum.</strong></span> 
     </span>
    </p>
   </div>
   <div class='ocr_carea' id='block_1_13' title="bbox 0 0 1522 4918">
    <p class='ocr_par' dir='ltr' id='par_1_13' title="bbox 0 0 1522 4918">
     <span class='ocr_line' id='line_1_36' title="bbox 0 0 1522 4918; baseline 0 8"><span class='ocrx_word' id='word_1_261' title='bbox 0 0 1522 4918; x_wconf 95' lang='lat' dir='ltr'><strong> </strong></span> 
     </span>
    </p>
   </div>
  </div>
 </body>
</html>
