3044 4896
306 273 372 342 2OE
656 283 817 330 nrnrros
842 281 1047 330 centussis

306 431 480 496 adversum
508 426 689 492 Herculem
713 425 846 490 tamese
865 421 1030 507 perjuria,i
1052 423 1307 504 insecutamque
1330 421 1401 503 ejus

306 531 395 612 regni
408 529 635 594 eversionem:
651 531 926 608 quetempestate
942 524 1095 589 Priamus
1110 521 1272 604 paruulus
1289 521 1404 586 admo-

305 631 397 707 dum,
409 636 509 714 atqne
523 647 649 711 expers
668 627 812 692 omnium
826 643 903 708 qum
923 633 1018 704 gesta
1036 628 1139 690 erant.
1155 623 1262 703 petitu
1278 621 1405 688 Hesio·

304 727 385 807 riter)¹
407 749 509 812 regno
523 729 705 811 impositus
727 733 790 792 est.
834 726 932 802 Eum,
950 726 1038 788 male
1054 724 1126 806 jam
1140 722 1220 786 inde
1236 721 1401 804 desipien-
1504 815 1505 818 Ἴ

305 839 386 910 tem,
415 838 554 896 cunctos
583 828 755 910 sanguinis
784 829 859 892 sui¹
889 827 1017 909 injuriis
1047 821 1225 888 insectari¹
1252 823 1401 899 solitum,

305 941 474 1016 parctrtu'³
496 933 530 994 iu
549 949 611 996 suo
634 936 735 1012 atque
756 936 973 1013 appetentem
994 924 1141 990 ulierti:²
1164 944 1230 1006 quo
1245 924 1401 1004 exemplo
1474 928 1486 982 '.

305 1033 410 1098 vetuti
431 1033 581 1116 pessima
594 1033 798 1112 contagione
813 1031 961 1094 imbutos
975 1029 1065 1093 filios
1087 1027 1160 1110 ejus
1175 1045 1286 1109 neque
1302 1043 1399 1088 sacro

305 1151 416 1216 neque
439 1133 578 1216 profano
602 1133 817 1196 abstinuisse.
861 1129 1015 1194 Ceterum
1031 1148 1067 1192 se
1081 1128 1203 1192 eadem
1214 1127 1318 1208 stirpe
1333 1144 1401 1206 qna
1495 1193 1498 1198 Α

306 1235 476 1300 Priamum
492 1235 623 1300 Graecis
641 1234 865 1316 conjunctum,
879 1233 990 1296 animo
1005 1249 1139 1314 semper
1156 1230 1199 1292 ab
1215 1246 1257 1291 eo
1273 1227 1400 1292 discor-

305 1336 352 1402 ni.
389 1335 572 1400 Hesionam
585 1343 596 1382 ³
609 1343 624 1370 ¹³
638 1337 776 1418 quippe,
792 1334 905 1398 Danai
920 1333 1034 1408 filium,
1051 1331 1216 1394 Eleomm
1232 1329 1401 1410 genuisse,

305 1455 349 1500 ex
364 1455 433 1518 qua
453 1440 544 1499 ortus
559 1435 740 1500 Dardanus
762 1434 916 1498 Olizonee
935 1433 1053 1496 Phinei
1071 1432 1212 1515 junctus
1227 1430 1401 1494 Erichtho·

306 1633 540 1713 Cleomoetrai’
562 1643 599 1700 et
621 1634 822 1714 Assaracus,
845 1643 946 1719 utque
968 1655 1013 1700 ex
1035 1655 1076 1699 eo
1100 1635 1217 1718 Capys
1239 1632 1400 1696 Anchisae

306 1743 419 1819 puter:
442 1737 530 1802 Ilum
544 1739 619 1802 dein
632 1737 811 1828 'lithonum
827 1745 862 1802 et
882 1735 1140 1804 Laomedontem
1155 1735 1332 1818 genuisse:
1358 1751 1400 1796 eu

306 1837 534 1904 Laomedonte
560 1839 804 1914 Hicetaouem,⁵
829 1836 988 1922 Clytium,
1012 1836 1186 1919 Lampum,
1203 1835 1399 1918 Tymoetem,

763 2013 941 2034 unuoomo

306 2131 389 2180 iocum
401 2131 515 2182 restitnit
526 2132 694 2182 obroditur
706 2132 777 2181 Med.
790 2131 854 2182 cod.
866 2131 959 2194 Deiph.
971 2136 998 2181 et
1010 2130 1079 2193 euig.
1089 2142 1189 2192 monum
1199 2130 1319 2179 insuetum
1331 2133 1398 2190 utque

305 2209 330 2244 u.
340 2199 413 2246 ced
427 2197 520 2260 Deiph.
532 2197 665 2246 Pictonum:
676 2197 713 2245 ric
725 2197 751 2246 iu
764 2197 876 2247 Mra-d
890 2196 986 2260 Detptr.
996 2199 1063 2244 orter
1073 2195 1204 2244 norme
1218 2194 1251 2242 0.
1263 2192 1399 2254 Rjuuctm

307 2257 339 2306 E.
350 2258 373 2307 ei
383 2261 530 2312 dederit-⁶
548 2259 642 2323 Deiph.
655 2259 808 2312 Hictoonem.

795 2401 901 2452 NOTAE

337 2513 344 2548 ¹
360 2514 490 2564 ddcerreai
501 2513 629 2563 Herculeae
641 2512 736 2573 semer
752 2511 831 2576 perju-
871 2519 913 2563 tur
923 2512 941 2563 ι’
958 2527 1016 2562 nem
1026 2512 1143 2577 spiraeo,
1154 2527 1240 2562 emere
1254 2520 1304 2564 ert.

304 2591 356 2657 rie]
374 2591 438 2641 Cum
458 2589 614 2652 Laomedon,
632 2589 736 2639 oreculo
751 2589 831 2638 moni·
900 2588 1058 2651 tuemini·
1075 2590 1113 2640 rui
1135 2589 1263 2652 [moeniae
1279 2590 1315 2653 et]
1337 2588 1397 2650 iuiu-
1504 2569 1505 2614 i

305 2675 357 2729 tm,
373 2667 514 2718 Hesioneru
531 2664 610 2715 titiam
628 2672 689 2716 ceto
706 2665 831 2714 deroren·
870 2665 1204 2729 rimiuuteri1⁴1neecteri
1216 2665 1328 2728 ntiquom
1341 2681 1398 2714 san·

305 2743 364 2792 dem
375 2744 547 2806 exposuisset,
556 2741 685 2792 Hercules
695 2741 832 2805 petticetur
872 2742 967 2806 guise:
983 2742 1044 2792 mitri
1058 2755 1124 2790 nove
1141 2747 1169 2792 et
1185 2740 1285 2790 dtrriter
1302 2742 1398 2792 dictem

304 2831 332 2866 ee
344 2817 484 2866 Hesionen
495 2818 661 2866 liberaturum
671 2817 692 2866 si
702 2817 760 2879 eibi,
768 2831 832 2881 quae
872 2819 985 2868 videtur.
1504 2849 1505 2856 .

304 2905 384 2954 quer
395 2889 431 2938 iiii
445 2903 492 2952 pro
503 2896 578 2951 repro
590 2891 741 2953 Genymede
758 2891 831 2952 Jupi-
901 2901 920 2928 Β
936 2891 1080 2957 [Μάκαι]
1093 2893 1223 2955 Pouchis,
1234 2892 1399 2950 ‘insuetum’
1504 2907 1505 2958 t

305 2974 347 3016 ter
356 2965 440 3028 dedit,
450 2965 596 3014 Leomedou
606 2964 703 3014 tradet.
736 2966 833 3015 Condi·
869 2983 929 3020 eree
948 2967 1043 3029 ferum,
1063 2974 1091 3015 et
1112 2969 1209 3032 opponi
1226 2969 1398 3020 ‘mansueto'
1504 2969 1505 2976 ’

305 3043 401 3092 tionem
411 3043 512 3106 eoeeptt
528 3041 684 3103 Laomedon,
701 3041 830 3092 Hercules
871 3043 929 3097 Quo
940 3057 1017 3093 muru
1028 3055 1080 3093 non
1090 3042 1168 3093 tacite
1180 3044 1242 3094 alibi
1254 3045 1380 3108 reperias.

304 3127 391 3168 cete·
401 3119 506 3181 occidit,
514 3124 541 3168 et
552 3117 692 3168 Hesionen
700 3117 830 3168 liberarit.
902 3127 914 3154 ¹²
925 3120 1057 3171 Mm-
1066 3119 1213 3183 [Pleiones]
1223 3121 1308 3183 quippe
1315 3120 1397 3177 Domi

303 3194 354 3243 Sed
365 3194 510 3246 Laomedon
520 3201 623 3259 pectem
630 3193 777 3244 mercedem
785 3193 829 3243 de·
863 3197 956 3263 stim]
964 3197 1039 3246 idem
1047 3210 1126 3259 cupre
1136 3196 1208 3246 litu.
1219 3211 1270 3246 uon
1279 3197 1356 3260 longe
1365 3197 1396 3246 ab

303 3271 416 3334 negavit.
449 3271 536 3321 Quare
548 3271 629 3320 iretur
645 3270 774 3319 Hercules
784 3269 829 3319 ed·
869 3274 950 3324 initio.
974 3272 1042 3321 Vide
1054 3287 1110 3336 qum
1125 3271 1160 3321 ibi
1172 3271 1245 3322 dicte
1257 3281 1324 3320 suut.

303 3359 392 3394 ventre
410 3344 512 3404 Trojenr
532 3345 725 3408 expeditionem
741 3337 829 3394 euroe-
899 3357 912 3382 ⁰
930 3347 1035 3398 Οὔπω
1049 3347 1138 3396 Piir'rui
1147 3347 1246 3408 junctos
1261 3347 1396 3411 [jumen]

303 3419 352 3483 pit.
368 3418 434 3467 Vide
447 3417 661 3481 secundumn.
700 3425 704 3432 “
868 3421 1064 3486 Erichthonium]
1090 3423 1198 3485 Optime
1226 3425 1327 3474 monuit
1355 3425 1396 3472 uir

334 3491 449 3543 ¹*Petitur
466 3492 590 3555 Hedera]
606 3495 681 3557 Troje
699 3501 778 3556 cepte
794 3495 827 3544 eb
868 3501 962 3549 doctu·
982 3501 1070 3551 deesse
1085 3515 1185 3563 vocem,
1198 3516 1260 3564 qua.
1290 3503 1396 3552 otiam

302 3571 426 3631 Hercule,
434 3569 562 3631 Priamus,
570 3570 613 3634 qui
625 3577 689 3619 tune
696 3569 828 3620 Podarces
867 3575 956 3625 pirinei
969 3576 1090 3641 jumen,
1109 3591 1161 3639 que
1177 3579 1200 3628 ei
1214 3577 1396 3626 Erieitiooiurr

303 3645 447 3710 dicebatur,
458 3645 527 3695 inter
535 3648 652 3710 captivos
661 3646 827 3696 Hercuiitte·
866 3652 964 3702 dederit.
998 3647 1329 3704 PorroDerdnniirxor-en
1346 3653 1397 3702 Be.

301 3721 421 3771 uebatur.
454 3725 558 3772 Etcum
569 3723 698 3772 Hercules
706 3721 827 3774 Beeiome
867 3735 937 3778 testu
953 3728 1047 3777 Teucri
1075 3727 1163 3784 titiam,
1185 3741 1237 3776 non
1256 3726 1394 3776 Otieonem

303 3796 415 3846 dedum
427 3805 456 3846 ut
465 3813 529 3862 qnos
538 3799 615 3850 veltet
623 3799 740 3863 captivet
748 3799 828 3863 elige·
865 3803 969 3864 Phinei,
980 3803 1053 3852 multi
1065 3804 1165 3854 dicunt.

303 3877 354 3932 ret,
368 3871 413 3920 itia
426 3871 533 3924 fratrem
545 3889 617 3923 suurn
633 3875 722 3938 etegit,
737 3881 765 3924 et
780 3889 829 3938 pm
898 3886 912 3920 ν
929 3879 1084 3942 Οιιοωωινα]
1100 3880 1235 3943 Cleopatra
1246 3876 1345 3928 dicitur
1357 3875 1394 3928 Α·

304 3945 361 4005 ejice
373 3946 531 3998 redemtione
544 3949 617 3998 dedit
628 3948 772 4000 flumineum
786 3965 826 4002 su·
866 3955 1000 4018 poiiodcro
1009 3959 1037 4004 et
1048 3955 1113 4002 etiie.

302 4037 346 4072 um
358 4037 373 4070 e
384 4025 468 4086 eapite
480 4026 593 4080 demtum
602 4046 610 4089 3
618 4029 686 4078 uude
694 4031 826 4080 Podarces
898 4037 910 4072 ¹¹
927 4029 1095 4092 Hieeteorrrer]
1112 4029 1283 4078 Hicetaonem
1293 4042 1328 4078 ex
1339 4027 1396 4078 Hc·

303 4103 397 4164 portes
407 4095 491 4147 dictus
502 4099 661 4157 ‘Priamum'
674 4105 747 4166 queri
756 4105 764 4131 ‘
773 4119 826 4155 eur·
865 4119 929 4156 mer.
939 4113 967 4156 et
975 4105 1126 4168 Apoilcdur.
1137 4103 1321 4156 Laomedontis
1328 4103 1392 4154 tilios
