3044 4896
389 329 439 376 nu
463 329 582 376 nunno
605 327 776 379 rnoruuo
800 333 872 382 nm.
897 335 930 380 v.
1138 324 1203 391 249

112 470 235 536 fuctum
260 467 369 540 formu
390 469 542 550 ingenti,¹
567 469 665 552 cujus
688 472 908 551 magnitudine
937 474 1020 537 muri
1049 475 1200 558 solvendi

87 622 91 627 .
115 577 237 646 essent,
251 568 421 632 annitente
435 572 534 650 atque
548 568 763 637 administro¹
786 571 969 644 Antenore:
997 575 1073 639 dein
1091 595 1201 644 recor-

115 673 214 748 datus
228 674 396 752 parentem
419 667 587 733 Priamum
609 669 824 756 residuosque
845 671 974 752 fratres,
995 675 1108 739 fletum
1131 677 1202 757 edit

113 769 349 845 miserabilem,
371 772 715 850 constematnsqne,²¹
737 789 797 851 per
811 771 958 836 dolorem
974 781 1073 857 utque
1089 777 1201 840 obstu·
1270 783 1276 792 '

112 871 265 954 pelactus
278 869 356 932 mit.
400 867 487 932 Tum
509 867 656 950 Pyrrhus
677 869 853 934 collectum
876 889 963 948 eum,
976 873 1199 957 retentumque

114 969 240 1047 animi?
254 968 299 1034 ad
313 987 351 1033 se
366 967 514 1045 deducit,
530 969 749 1052 custodesque
762 970 868 1048 addit,
878 973 1002 1040 veritus
1012 993 1054 1038 ne
1065 994 1132 1056 qua
1142 995 1202 1056 per

114 1091 186 1135 enm
203 1070 355 1136 hostibus
370 1087 445 1151 qum
458 1074 550 1150 gestu
566 1074 659 1138 erunt
673 1069 873 1151 patelierent.
932 1071 1033 1150 Quod
1049 1076 1105 1138 nbi
1128 1077 1200 1138 He·

113 1172 209 1238 lenus
222 1169 395 1253 persensit,
410 1168 572 1252 Pyrrhum
585 1170 633 1232 uti
653 1170 774 1234 bonum
790 1173 936 1241 animum
951 1180 1074 1254 gereret
1086 1174 1201 1240 horta-

114 1279 173 1348 tur,
189 1273 339 1336 'seeumm
354 1269 418 1344 sni,
428 1275 697 1352 secretorumque
710 1289 719 1334 ε
733 1290 875 1354 namque
889 1293 925 1336 se
940 1292 1019 1342 cum
1033 1293 1085 1348 eo,
1101 1277 1200 1339 etium

113 1377 190 1452 post
218 1372 334 1452 patriae
361 1369 541 1445 excidium,
562 1369 677 1434 multis
705 1373 984 1454 tempestatibuse
1012 1375 1045 1436 iu
1060 1373 1201 1438 Graecia

113 1477 326 1553 moraturum.
364 1470 500 1554 ltaque,
513 1475 552 1534 ut
567 1468 698 1536 Heleno
715 1471 896 1552 placuerat,
914 1473 1017 1538 multu
1036 1461 1201 1551 materies,

8 1653 9 1656 Ἴ
114 1586 187 1650 qum
204 1575 285 1652 apta
299 1570 485 1654 hujusmodi
500 1569 637 1634 fabricas
652 1569 835 1649 uidebatur,
851 1591 911 1654 per
932 1569 1076 1660 Epiumd
1098 1579 1200 1654 utque

113 1666 255 1750 Ajacem
285 1669 374 1734 Oilei
402 1670 558 1735 advecta.
600 1669 685 1752 [tc]
701 1754 704 1760 ἱ
722 1670 855 1739 Interim
885 1673 1076 1740 firmatores-
1089 1679 1200 1756 pactae

112 1769 208 1848 pacis
222 1769 265 1833 ad
278 1768 418 1853 Trojem
430 1769 520 1846 e'unt,
534 1769 650 1834 decem
663 1770 746 1833 lecti
761 1769 876 1848 duces,
893 1772 1083 1848 Diomedes,
1098 1773 1201 1854 Ulys-

114 1885 178 1944 ses,
188 1867 398 1949 Idomeneus,
408 1869 732 1954 AjuxTelumonins‚
740 1868 875 1946 Nestor,
885 1869 1062 1944 Meriones,
1071 1857 1201 1948 Thoas,

104 1964 310 2055 Philocteta,
327 1955 582 2053 Neoptolemus,
597 1977 698 2051 utque
713 1968 889 2034 Eumelus:
907 1989 990 2052 quos
1004 1971 1061 2032 nbi
1076 1969 1110 2032 in
1125 1969 1199 2034 foro

113 2067 373 2136 animadvertere
396 2070 586 2154 populares,
613 2068 684 2134 leeti
707 2070 836 2134 animos
857 2070 985 2147 tollunt,
1009 2069 1108 2133 finem
1125 2070 1200 2153 jum

576 2260 756 2284 &nomem

84 2379 92 2390 '
113 2405 155 2454 mre
166 2399 223 2457 post
231 2397 358 2456 genn-⁹
375 2394 607 2459 neptunum-1
625 2395 723 2460 Delpb.
733 2395 900 2445 ministre-2
918 2392 1055 2444 Omittitnr
1066 2393 1092 2442 iu
1105 2392 1201 2456 Delpb.

604 2589 711 2642 NO'l'AE
756 2615 759 2620 ·

141 2711 634 2775 ¹Eqrremllgrlosnbrrjnclumfermnirr-
673 2716 759 2777 Trejn.
793 2714 857 2770 Aut,
877 2727 891 2760 a
908 2718 995 2761 monte
1015 2711 1123 2772 Hippio,
1142 2719 1202 2772 port

107 2786 190 2850 genti]
205 2786 278 2844 virg.
295 2797 326 2832 ιι.
336 2784 400 2833 'AEn
425 2785 528 2835 ‘luetur
544 2788 636 2836 mecm
674 2803 749 2852 quern
761 2801 789 2837 re
800 2786 988 2837 ebrecndernnt
1000 2785 1105 2834 Grreei:
1129 2783 1197 2834 nude

109 2873 215 2923 equum,
230 2857 318 2906 diuina
334 2857 446 2914 Palladis
463 2865 528 2920 crte,
546 2859 634 2911 AEdlll·
674 2863 802 2912 etrllndit
814 2861 1010 2910 ‘insturmontls
1021 2858 1131 2924 equum!
1147 2859 1202 2910 Aut

110 2929 182 2995 cunt,
199 2939 322 2997 rectaque
341 2933 462 2986 intexunt
476 2933 561 2984 abiete
579 2949 633 2990 coe·
676 2951 768 2990 revere
777 2937 825 2986 boc
836 2935 894 2998 fuit,
905 2936 972 3002 qnod
983 2937 1106 3000 Virgilius
1117 2937 1202 3000 sequi·

112 3008 170 3060 teu'
202 3007 254 3057 Ubi
270 3007 388 3057 Serrium
411 3010 458 3058 ‘ut
476 3009 594 3073 Hyginus
609 3017 636 3060 et
676 3012 735 3063 tnu'
767 3012 906 3076 vulgatam
923 3011 1071 3075 opinionem
1089 3009 1200 3072 deeque

109 3085 214 3134 Tubero
230 3082 326 3139 dicunt,
342 3083 636 3137 rnuclrinrmentnmbel·
676 3087 833 3152 aliquantum
856 3086 991 3134 immntrre
1012 3083 1092 3131 vetnit
1119 3081 1204 3130 Pete

111 3159 189 3208 licum
197 3157 257 3218 fuit,
265 3157 331 3221 qnod
343 3171 424 3221 equus
433 3159 596 3221 appellatum
607 3166 637 3210 nt
676 3161 784 3224 pbntur3
801 3159 847 3208 red
858 3158 950 3218 frigide
963 3170 1024 3204 sene
1035 3162 1062 3204 et
1073 3157 1170 3218 inepte.

112 3234 177 3282 trien
188 3239 216 3283 et
226 3231 338 3292 testudo,
348 3231 439 3297 quibus
451 3234 516 3282 muri
533 3235 574 3284 rel
585 3235 636 3283 dir·
707 3241 719 3266 ¹
736 3229 916 3290 Consternatus]
928 3231 1060 3292 Leporem,
1072 3229 1079 3256 ¹
1089 3238 1201 3300 conster-

111 3309 175 3364 enti,
195 3309 234 3356 rel
256 3307 344 3356 subrui
365 3309 458 3357 solent.
492 3309 567 3358 Unde
585 3318 635 3372 est,
672 3306 817 3372 uetusque?

110 3389 170 3432 ‘ant
179 3382 236 3432 lraee
247 3383 272 3430 in
280 3392 382 3435 nostros
392 3381 520 3436 fabricatu
532 3391 571 3433 ert
582 3399 633 3433 mu·
705 3384 716 3418 l
734 3379 994 3444 Refenumqueouimt]
1006 3380 1100 3430 Graecu
1111 3379 1200 3441 formu,

111 3461 186 3510 ebitis
204 3459 306 3508 muros.'
339 3459 376 3509 Ut
394 3461 448 3524 ulii,
463 3467 633 3524 portu,qnurn
662 3459 856 3509 ¹subintellecta
885 3457 985 3506 scilicet
1019 3455 1199 3520 prepositione

111 3535 148 3584 eis
168 3533 285 3581 Antenor
301 3534 412 3596 aperuit,
429 3547 523 3597 equum
546 3535 634 3584 babuit
675 3533 711 3596 ἐκ,
724 3547 781 3598 qnae
795 3529 933 3594 genitivum
944 3529 1055 3580 asciscit.
1089 3530 1138 3578 Vel
1156 3542 1200 3591 po·

109 3608 225 3671 pictum:
254 3607 378 3670 nonnulli,
397 3609 495 3671 signnm
512 3609 573 3674 eqni
589 3609 633 3659 de·
674 3608 735 3668 tine,
757 3613 786 3656 nt
805 3605 903 3668 optime
923 3604 1054 3664 Sanctius,
1070 3601 1199 3652 ‘reiectus

107 3691 173 3743 tum,
195 3685 225 3727 ut
245 3679 450 3730 intumescerent
472 3683 558 3732 Greci
577 3698 635 3732 ruer
675 3681 771 3741 enimi,’
789 3679 881 3742 supple
898 3676 1027 3739 ‘mente5’
1054 3691 1105 3740 quc
1125 3677 1200 3726 modo

110 3755 152 3804 rel
178 3752 273 3803 hostes.
307 3749 501 3815 Aqnibnsdrm
529 3755 634 3815 dicitnr,
674 3754 859 3817 upndlmcret.
872 3767 907 3800 rr.
933 3752 1199 3802 ‘Perturbamruimi

110 3829 181 3882 freta
198 3827 343 3893 proditione
361 3827 561 3888 predictum-ne
577 3833 633 3894 quir
674 3843 745 3878 mens
757 3829 783 3876 in
795 3840 903 3875 mucrore
915 3826 1053 3890 rnetnque'

111 3919 156 3954 ers
169 3904 258 3954 domos
274 3901 392 3961 violaret,
404 3915 509 3965 querum
521 3912 580 3952 unte
591 3907 633 3968 je·
705 3901 1016 3966 Multirtempeetntitue]
1038 3901 1101 3962 Pro,
1116 3902 1197 3955 multo

111 3991 280 4042 nurmeqnnr
297 3975 511 4038 ersetdepietnr;
528 3977 634 4030 undeet
673 3984 799 4040 tempore.
877 3981 878 3984 ’

114 4050 249 4101 Antenoris
260 4057 287 4102 et
299 4055 444 4100 ceterorum
455 4051 549 4113 egnum
566 4061 663 4103 runt.
704 4050 783 4100 dl'er·
794 4047 894 4112 Epium]
909 4049 1001 4116 Virgil.
1018 4052 1088 4102 Et
1082 4067 1137 4117 rpre
1146 4053 1197 4106 dolr

114 4123 177 4189 Ant,
194 4127 252 4192 quir
269 4123 383 4190 equestri
400 4125 489 4190 prelio
508 4126 577 4176 rictu
593 4134 634 4177 est
674 4125 813 4176 lubricatur
824 4124 931 4189 Epeos?
