3052 4900
398 321 447 368 ore
472 318 927 380 exormraormrrrsroa'
988 337 990 344 ·
1105 319 1204 386 alr

119 477 195 524 acre
209 467 244 522 et
258 459 448 526 iracundum
463 462 519 528 fit:
541 463 744 528 fortissimus
760 467 901 548 quisque
921 470 956 532 in
971 474 1086 554 primis
1100 475 1203 542 cadit.

117 557 250 624 Hector
265 559 459 626 Patroclum
476 563 623 640 occidit:
634 570 666 627 et
680 583 756 628 auur
771 564 917 648 spoliare
931 579 1037 649 parnt.
1073 572 1205 641 Marion

117 657 218 722 eurub
242 679 284 724 ex
311 663 384 724 acie
409 683 450 728 ne
479 665 678 746 spoliaretur
701 665 837 747 eripuit.
880 665 1009 730 Hector
1023 668 1204 740 Marionem

117 761 327 842 persequitur
340 770 375 826 et
389 764 535 828 occidit.e
566 764 674 844 Quem
690 784 766 829 cum
780 765 931 830 similiter
941 765 1083 848 spoliare
1096 772 1205 848 vellet,

119 861 256 926 advenit
270 866 445 947 suppetias
455 863 661 942 Mnestheus,
672 865 835 930 Hectoris
847 866 953 930 femur
964 866 1113 930 sauciat:
1129 886 1204 933 sau·

118 960 191 1026 cius
206 980 338 1045 quoque
354 964 459 1028 multa
472 965 574 1029 millia
589 965 730 1029 occidit:
754 972 788 1028 et
801 973 1047 1049 perseverasset
1060 964 1207 1030 Achivos

117 1060 245 1126 mittere
259 1064 293 1126 in
307 1064 431 1146 fugam,
451 1064 517 1127 nisi
532 1064 652 1127 obvius
666 1064 716 1127 illi
731 1063 823 1148 Ajax
836 1064 1051 1132 Telamonius
1065 1064 1187 1128 fuisset
1196 1086 1220 1145 ς.

116 1180 193 1226 cnm
202 1183 268 1245 quo
282 1164 360 1228 dum
376 1165 633 1244 congrederetur,
648 1165 806 1246 coguovit
815 1182 891 1228 euru
905 1184 980 1228 esse
989 1165 1031 1228 de
1044 1165 1205 1247 sanguine

117 1260 206 1340 suo,‘¹
220 1265 382 1327 eratenim
393 1264 435 1326 de
447 1263 601 1327 Hesiona
611 1281 726 1327 sorore
740 1264 866 1326 Priami
877 1271 986 1327 natus.
1010 1260 1089 1340 Quo
1102 1271 1205 1346 pacto
1289 1292 1295 1300 ·

116 1363 249 1427 Hector
262 1364 436 1428 anavibus
452 1362 561 1444 ignem
576 1364 737 1428 removeri
745 1363 863 1447 jussit,
878 1369 912 1426 et
925 1365 1055 1446 utrique
1071 1383 1107 1427 se
1121 1364 1205 1427 inri-

115 1481 188 1526 cem
203 1468 462 1540 muneraverunt,
474 1469 506 1526 et
520 1464 617 1528 amici
633 1460 872 1528 discesserunt.
899 1463 1040 1528 Postera
1053 1463 1107 1529 die
1120 1462 1206 1527 Gra·

111 1561 246 1646 jugeuae
262 1564 411 1628 inducias
423 1570 555 1647 petunt.
598 1564 678 1646 [20]
690 1563 841 1628 Achilles
858 1563 1052 1628 Patroclum
1064 1563 1205 1646 plangit,

116 1661 319 1746 Grajugenoe
334 1683 426 1728 suos.
468 1661 699 1745 Agamemnon
717 1664 940 1728 Protesilaum
961 1663 1140 1744 magnifico
1154 1664 1206 1727 su·

115 1780 192 1826 nere
202 1763 304 1851 effert,
319 1771 511 1846 ceterosque
525 1762 733 1846 sepeliendos
750 1767 855 1827 curat.
884 1760 1035 1826 Achilles
1049 1762 1205 1828 Patroclo

116 1862 217 1926 ludos
237 1863 390 1928 funebres
410 1864 503 1928 facit.
548 1863 639 1926 Dum
655 1863 800 1928 induciae
816 1869 905 1939 sunt,
922 1860 1119 1925 Palamedes
1139 1881 1205 1926 nen

118 1969 231 2028 cessat
245 1964 440 2028 seditionem
454 1963 584 2027 facere:
608 1962 777 2048 indignum
799 1980 908 2042 regem
920 1960 1205 2043 Agamemnonem

116 2081 191 2130 osse
205 2065 262 2146 qui
277 2065 439 2129 exercitui
461 2063 603 2144 imperet
621 2070 655 2126 et
669 2061 841 2126 indoctum
856 2060 954 2124 dixit.
997 2060 1077 2142 Ipse
1092 2078 1205 2125 coram

117 2167 267 2228 exercitu
282 2165 388 2228 multa
403 2182 464 2228 sua
478 2163 626 2228 ostendit
640 2162 776 2226 studia.e
820 2160 934 2224 Primo
951 2177 1046 2224 snam
1065 2177 1206 2224 exscen-

117 2263 259 2338 sionem,
286 2262 471 2328 castrorum
495 2262 721 2338 munitionem,
747 2259 931 2344 vigiliarum
962 2258 1204 2333 circuitionem,

118 2361 204 2443 signi
218 2359 407 2440 dationem,f
418 2363 573 2426 librarum
587 2362 836 2445 ponderumque
849 2360 1102 2436 dimensionem,
1112 2376 1207 2423 exer·
1231 2406 1235 2414 .

118 2461 271 2544 citusque
281 2463 522 2528 instructionem
532 2463 687 2527 ostendit.
703 2463 792 2527 Haec
802 2481 876 2526 cunr
888 2479 953 2525 ase
963 2460 1204 2534 actafuissent,

117 2580 183 2624 non
198 2582 330 2643 aequum
346 2583 435 2639 esse,
449 2582 525 2626 cum
540 2581 560 2624 a
574 2563 693 2644 paucis
708 2562 881 2643 imperium
896 2559 1010 2623 datum
1026 2556 1206 2637 Agamem.

117 2662 197 2724 noni
218 2667 356 2735 esset,²⁸
378 2679 455 2722 eum
475 2661 629 2721 omuibus
644 2660 703 2739 qui
716 2665 836 2739 postea
850 2655 1081 2718 convenissent
1102 2653 1206 2731 impe-

572 2847 676 2870 nonu
679 2846 751 2868 ‘0000

148 2955 168 2999 a
185 2949 269 3000 Voces
278 2961 330 2998 carn
342 2953 370 2996 et
380 2951 439 2996 erret
451 2944 602 2996 omittuntur
613 2943 707 3008 Delph.

612 3083 719 3135 NOTAE

153 3185 271 3236 ¹Hector
286 3185 423 3234 Patroclum
436 3182 533 3246 occidit]
556 3181 589 3231 ln
605 3195 645 3230 re·
685 3193 742 3229 cum
761 3177 885 3226 Patroclo
902 3175 935 3224 ab
951 3172 1067 3224 Hectore
1085 3173 1207 3237 occisum,

121 3262 207 3312 cunda
221 3275 308 3325 pugna
318 3259 467 3310 Patroclum
484 3258 594 3308 occisum
605 3255 644 3305 fu·
685 3253 748 3302 dicit
758 3252 849 3299 Dares.
882 3249 959 3300 Quod
978 3261 1011 3296 ex
1029 3245 1143 3296 llornero
1160 3247 1209 3296 fal·

120 3338 170 3386 isse
186 3337 252 3386 dicit
263 3336 355 3394 Dares,
371 3342 463 3384 contra
478 3346 578 3382 omnem
594 3333 644 3382 hir·
684 3342 739 3378 curn
751 3332 800 3383 ert,
810 3325 854 3390 qni
868 3337 991 3388 nusquam
1002 3321 1126 3371 Merionlr
1142 3335 1209 3369 mor·

122 3411 294 3462 toriaetidem.
685 3400 872 3454 temnarrerit.

153 3485 165 3519 b
182 3483 348 3546 Marionem]
365 3485 431 3536 Herc
439 3501 472 3536 ex
481 3484 594 3534 Homero
602 3471 644 3533 nc·⁴
715 3477 728 3511 ⁴¹
747 3475 862 3538 Cognovit
872 3489 924 3524 eum
934 3468 1146 3532 resederurgro'rrr
1154 3467 1208 3530 aar]

121 3562 202 3624 cepit,
222 3560 266 3608 red
285 3574 316 3608 ea
332 3561 485 3611 immutuit.
518 3559 646 3609 Homerus
684 3551 751 3602 'l'otu
761 3552 818 3601 lraec
829 3549 934 3600 historia
945 3548 978 3598 de
989 3545 1136 3609 cognitione
1146 3541 1208 3604 Aja-

121 3636 191 3685 eoim
201 3635 348 3684 Patroclum
360 3634 517 3684 nbliectore
534 3634 645 3682 occirnm
685 3629 759 3678 ciret
770 3626 1030 3676 HectoriraDurete
1039 3617 1160 3670 conficte.
1206 3681 1209 3691 Ι

110 3708 300 3774 etrpollatum
316 3705 390 3767 dicit,
405 3713 497 3768 portea
512 3707 646 3754 advenisse
687 3745 688 3750 ,
717 3703 825 3752 ‘Multa
834 3717 878 3752 aaa
887 3699 989 3749 ostendit
1003 3692 1094 3755 nodio]
1117 3691 1207 3778 §aare-

121 3783 279 3843 Mcnelnum,
290 3779 407 3844 Ajacem,
425 3777 578 3837 Marionem,
598 3781 647 3826 &a
684 3775 799 3836 Meter,
816 3789 854 3823 rer
871 3773 1028 3821 dtceauerter·
1059 3767 1099 3815 De
1117 3779 1148 3814 ur
1166 3779 1207 3814 ru·

123 3859 168 3922 qui
179 3856 292 3908 Patrocli
304 3854 415 3904 cadaver
432 3851 541 3900 Hectori
553 3851 645 3900 adime·
685 3863 742 3913 pra,
750 3847 819 3911 apud
829 3847 938 3909 Dictyn.

123 3921 536 3995 rent,etadt}reecorrelerrent.
718 3917 951 3982 ‘Signtdnttoaenj
967 3916 1176 3981 Gallionem.

156 4013 167 4039 ⁰
194 4006 285 4056 Hector
304 4005 436 4054 Marionem
454 3999 603 4064 prosequitur
623 4003 647 4046 et
718 3997 770 4046 rA
790 3998 872 4058 poncia
896 3994 1019 4060 imperium
1039 3993 1120 4041 dotum
1140 3990 1206 4052 Agn-

124 4071 227 4146 occidit]
246 4079 390 4130 Marionem
406 4078 432 4126 in
450 4075 541 4125 ecdem
559 4087 646 4138 pugna
686 4071 813 4135 maort]
842 4071 932 4122 Oratio
952 4083 1002 4120 nou
1023 4065 1140 4133 procedit
1159 4065 1208 4143 nisi
