3052 4900
328 338 392 402 31⁰
700 341 861 394 unsaris
884 341 1043 392 eunucu

328 491 459 558 uelsum
487 487 646 554 mediocri
670 493 834 570 corpore,t
861 483 980 558 mlum,
1003 482 1195 558 formosum,
1225 489 1416 565 acceptum,

327 583 469 674 gratum.
527 589 692 656 Achillem
722 593 945 670 pectorosum,
975 603 1031 648 ore
1062 591 1229 658 uenusto,¹
1259 587 1419 652 membris

327 691 515 756 ualentibus
540 699 576 752 ot
597 689 736 770 magnis,
758 687 842 752 boue
865 685 1059 768 crispatum,
1082 683 1283 762 clementem,
1306 687 1342 750 in
1367 707 1418 750 ar-

327 793 393 856 mis
414 791 621 866 nmmum,
646 789 740 852 rultu
763 787 882 860 hilaria
912 784 1087 868 dapsilem,
1113 785 1238 866 capillo
1264 793 1420 868 myrteo?

329 891 519 958 Patroclum
554 889 689 972 pulelrro
717 905 869 970 corpora,
898 887 1007 952 oculis
1037 885 1183 950 vividis⁶
1210 895 1245 950 et
1272 890 1416 969 magnis,

328 989 562 1067 verecundum,
586 997 723 1066 rectum,
744 989 948 1073 prudentem,
972 988 1147 1068 dapsilem.
1192 987 1330 1072 Ajacem
1356 989 1417 1052 Oi-

328 1093 415 1156 leum
442 1091 651 1174 quadratum,
679 1090 867 1154 valentibus
892 1089 1060 1163 membris,
1087 1088 1415 1176 aquiliuo'oorpore,

325 1191 526 1274 jucundum,
542 1189 672 1256 sortem.
712 1187 853 1274 Ajacem
867 1188 1103 1254 Telamonium
1117 1186 1308 1264 valentem,l
1328 1209 1414 1253 uoce

329 1289 691 1372 claru,capillisnigris,
702 1291 735 1352 in
743 1288 872 1354 hostem
882 1295 1037 1352 atrocem.
1061 1289 1213 1372 Ulyssem
1225 1290 1416 1367 formosum,

329 1389 496 1466 dolosum,
511 1408 569 1454 ore
580 1388 687 1466 hilari,
703 1395 830 1454 statura
841 1387 965 1463 media,
975 1389 1206 1470 eloquentum,e
1220 1389 1416 1470 sapientam.

331 1490 530 1556 Diomedem
559 1489 690 1566 sortem,
721 1489 929 1570 quadratum,
958 1509 1095 1571 corpora
1123 1487 1293 1564 honesto?
1325 1490 1417 1554 vultu

330 1597 476 1663 austero,
500 1591 533 1652 in
556 1589 644 1654 bello
667 1591 872 1666 acerrimum,
897 1589 1104 1660 clamosum:
1134 1591 1271 1654 cerebro
1295 1591 1418 1666 calido,

329 1691 568 1772 impatientem,
579 1690 752 1754 audacem.
799 1691 975 1754 Nestorem
990 1709 1158 1772 magnum,
1174 1709 1257 1754 naso
1273 1693 1417 1767 obunco,

329 1790 474 1872 longum,
489 1790 605 1866 latum,
621 1790 815 1866 maximum,
830 1790 1018 1868 candidum,
1039 1792 1246 1874 prudentem,
1262 1792 1418 1858 consilia-

328 1887 434 1958 rium.f
475 1889 699 1956 Protesilaum
722 1909 858 1974 corpore
883 1893 1037 1969 candido,
1052 1892 1146 1956 vultu
1162 1893 1313 1969 honesto,
1327 1895 1419 1958 velo·

329 2011 412 2068 caru,
441 1989 672 2068 confidentem,
698 1994 912 2056 temerarium.
968 1993 1225 2076 Neoptolemum
1250 2013 1417 2076 magnum,

329 2091 500 2166 virosum,⁸
515 2092 772 2168 stomachosum,
794 2093 945 2168 blaesum,
968 2093 1058 2157 vultu
1082 2094 1215 2169 bonum,
1238 2093 1417 2170 aduncum,

329 2191 432 2280 poulis
448 2191 609 2269 rotundis,
624 2194 887 2274 superciliosum.
933 2193 1145 2258 Palamedem
1164 2195 1334 2276 gracilem,
1346 2195 1417 2259 lon-

784 2353 961 2374 evonenus

361 2453 378 2496 o
398 2451 519 2500 Virididur
531 2453 670 2514 Delplr.-t
690 2455 787 2518 Delph.
796 2455 855 2506 erl.
867 2458 969 2518 largest,
979 2457 1002 2506 rl.
1013 2459 1053 2518 ec.

820 2617 927 2666 NOTAE

361 2726 746 2795 animumanimumum]
760 2731 855 2782 Home·
893 2733 936 2798 qui
954 2733 1074 2796 Ulyssem
1091 2731 1213 2780 minorem
1234 2731 1308 2792 dicit,
1320 2734 1365 2782 sed
1382 2737 1416 2784 ln·

329 2817 372 2850 rus
385 2811 471 2852 temen
482 2804 582 2866 scribit,
593 2807 720 2856 stantibus
737 2808 855 2860 ltlenelso
895 2809 985 2858 tiorem
1005 2807 1116 2858 humeris
1132 2813 1160 2856 et
1177 2809 1325 2868 pectoribus
1342 2825 1416 2874 quruu

329 2883 356 2922 et
375 2875 477 2935 Ulysue,
497 2877 644 2926 Menelaum
666 2880 727 2929 totis
746 2883 855 2932 humeris
895 2883 1416 2950 Agamemnonem,venerabilioremquum

329 2949 446 3010 Ulyssem
457 2951 661 3010 superentitisse.
894 2959 1050 3020 Menelaum,
1068 2960 1190 3007 scientem
1208 2959 1292 3006 omnia
1311 2962 1416 3008 consilia

360 3029 370 3054 ¹
385 3021 502 3072 salutm
515 3029 670 3092 protomartir,
690 3043 730 3078 err
746 3032 854 3095 mamre]
894 3033 1030 3095 prudentie
1044 3041 1071 3084 et
1082 3034 1153 3082 dolor
1165 3033 1339 3094 omnimodon;
1361 3049 1416 3084 rer·

328 3095 371 3146 Sic
381 3097 482 3161 Dictys,
495 3097 539 3147 lib.
549 3100 584 3148 r.‘
596 3100 648 3151 llic
658 3104 682 3152 in
692 3105 780 3167 primis
793 3106 854 3156 ado·
895 3107 979 3172 baqne
995 3109 1094 3158 niribnn
1113 3108 1233 3171 hybernis
1250 3109 1344 3157 similia
1361 3109 1416 3159 fuu-

328 3173 457 3223 leseentin
473 3175 545 3222 aunis
561 3189 691 3239 procerus,
707 3182 798 3230 decors
816 3181 853 3232 la·
894 3181 1007 3242 dentem,
1026 3183 1061 3232 itu
1080 3191 1107 3231 ut
1127 3197 1185 3231 cum
1202 3197 1234 3232 eo
1248 3197 1300 3230 non
1312 3193 1415 3237 eonten-

328 3248 385 3296 cie.’
423 3249 588 3306 Pectororur,
610 3256 651 3317 pai
672 3273 688 3306 n
709 3257 732 3308 lo
751 3259 852 3320 poitriae
893 3257 972 3309 disset
984 3259 1066 3322 quiris
1078 3257 1150 3306 alius.

328 3325 403 3386 large.
921 3333 932 3368 θ
960 3337 1061 3396 Corpore
1082 3332 1188 3395 imario]
1218 3331 1340 3382 Pulchro.
1374 3335 1415 3384 Sic

358 3409 370 3434 ⁸
388 3401 480 3462 Cupido
491 3403 590 3464 myrteo]
615 3405 666 3454 Vix
682 3405 745 3454 ratis
756 3406 850 3456 intelli·
887 3411 997 3472 ‘peotus
1007 3407 1159 3468 honestum,'
1176 3407 1265 3468 Virgil.

326 3490 369 3538 go,
380 3475 441 3539 qnid
454 3475 581 3538 intelligat
593 3493 638 3540 per
650 3479 770 3542 capillum
783 3495 850 3544 myr·
921 3491 932 3516 ⁸
949 3483 1092 3544 cumeram]
1110 3484 1147 3530 Ex
1161 3481 1268 3531 Homer.
1286 3483 1349 3540 Βοὴν
1358 3484 1415 3545 ἀγα-

326 3558 406 3601 teum.
888 3558 926 3611 tls
934 3556 1058 3619 napitas.
1073 3559 1208 3608 ‘Clamore
1220 3556 1303 3606 bonus
1314 3559 1418 3608 Diome·

357 3625 368 3660 l
384 3625 482 3686 &ocem
494 3626 652 3680 Telamonium
660 3628 785 3692 nolentem]
796 3631 849 3680 llo·
889 3633 953 3682 des!

326 3715 388 3750 mer.
399 3701 432 3750 de
443 3701 523 3764 Ajace
535 3719 541 3750 ι
558 3702 627 3764 Ἀνὴρ
637 3701 678 3762 lle
689 3721 716 3752 τε
726 3703 801 3766 μέγας
810 3725 848 3768 rs,
919 3705 928 3742 ¹
947 3709 1098 3768 Prudentem,
1116 3706 1287 3769 ancillariam]
1308 3709 1415 3759 Qualem

321 3775 422 3838 Ἐξοχος
448 3776 558 3840 Ἀργείων
584 3781 692 3840 κεφαλὴν
714 3780 752 3830 sul
774 3782 852 3846 siplae
892 3785 987 3847 ubique
1000 3783 1125 3832 describit
1136 3782 1242 3830 Homer.

325 3852 408 3908 ὤμους.
432 3853 496 3902 ‘Vir
515 3854 590 3903 tortis
608 3870 774 3920 magnusque,
788 3860 850 3908 Pro·
922 3867 935 3902 r
955 3858 1070 3921 Virorum]
1094 3857 1116 3908 l.
1128 3871 1151 3906 e.
1164 3855 1248 3918 sortis,
1259 3856 1342 3918 primu
1358 3872 1416 3906 cor-

325 3927 469 3974 oerissirnus
492 3928 644 3992 Argivorum
666 3940 693 3980 et
716 3935 802 3997 capite
823 3943 851 3984 et
891 3943 979 3997 τομίας
1004 3947 1019 3982 a
1042 3935 1089 3988 vir.
1124 3931 1192 3982 Nam
1215 3933 1291 3980 aliter
1306 3932 1416 3993 virosus,

324 3999 384 4048 letis
396 4002 523 4052 nutrieris)
810 4061 813 4078 .
891 4011 972 4071 prima
992 4007 1127 4071 producte,
1149 4015 1218 4056 esset
1231 4007 1346 4064 foetidus.
1358 4010 1416 4058 muli

357 4077 367 4100 ⁰
388 4073 638 4138 Ulyttemsormoaum,
649 4083 759 4144 dolorum,
774 4091 849 4136 stols·
890 4087 1008 4150 odoris,a
1021 4086 1098 4138 virus.

324 4159 351 4192 ru
372 4146 455 4204 media,
476 4149 629 4214 eloquentem]
659 4156 697 4202 Ex
718 4157 851 4222 Humum
