3036 4918
345 299 394 346 nu
417 297 594 346 ursuonrn
620 295 730 344 esunt
752 295 926 344 rnornnr.
1127 281 1171 343 td

70 493 73 506 ,
100 445 217 522 Graeci,
233 441 353 524 quippe
363 459 449 524 quos
459 425 544 504 inter
557 456 653 504 rarus
667 437 800 503 omuino
813 445 886 502 arat
899 438 1064 504 literarum
1078 459 1174 505 usna·

16 603 17 608 ,
100 544 303 627 Accepernut
322 559 379 604 eas
400 559 443 604 ex
466 540 653 612 Phoenicia,
680 557 764 622 quas
787 544 901 603 auctor
929 539 1074 603 Punicas
1094 541 1171 607 ideo

102 645 184 719 dicit,
202 648 234 706 et
247 649 367 724 proeter
380 659 464 723 quas
488 641 598 704 nullas
621 639 670 703 iili
687 639 774 702 alias
793 639 960 702 habebant
974 647 1033 703 eut
1047 651 1173 706 norant.

102 742 259 822 Quocirca
281 741 360 823 qnid
383 759 472 821 opus
494 747 566 804 erat
590 739 643 803 sni
668 740 830 822 temporis
854 739 1017 815 homiues,
1034 760 1174 822 quorum

101 850 202 908 tamen
217 841 463 904 ratiomaxime
479 841 617 904 habetur
629 859 652 904 a
666 840 906 922 Scriptoribus,
921 861 1069 919 monere,
1083 863 1120 909 sa
1136 845 1179 911 iis

99 943 198 1008 literis
212 941 321 1018 usum,
334 960 410 1023 quae
420 941 501 1004 solae
516 946 594 1004 tnnc
608 941 775 1005 illiserunt
788 943 903 1004 notant
948 942 1071 1010 Nonne
1085 947 1179 1030 inep-

102 1050 154 1130 tus
168 1049 255 1108 esset
268 1040 377 1117 hodie,
392 1041 452 1123 qui
466 1039 602 1104 doceret
614 1041 771 1116 lectores,
797 1059 835 1104 se
856 1041 975 1104 librum
990 1063 1087 1108 snum
1110 1047 1181 1111 edi·

102 1145 201 1221 disse,
213 1150 280 1208 arte
295 1139 539 1225 typographica
549 1157 722 1216 excusum,
736 1159 812 1222 quae
826 1141 961 1206 inventa
972 1146 1016 1208 sit
1030 1152 1107 1211 aute
1118 1149 1182 1214 hos

102 1245 259 1308 ducentos
273 1251 307 1305 et
322 1239 561 1326 quinquaginta
574 1237 675 1302 ferma
685 1241 818 1302 annosi
862 1241 928 1305 Sed
943 1245 1038 1323 satis,
1052 1250 1182 1331 opinor,
1243 1267 1247 1274 ’

102 1350 193 1427 patet
201 1343 352 1417 cuilibet,
361 1340 519 1404 inculcari
527 1339 601 1404 haec
609 1335 812 1422 uonTrojaui
820 1344 978 1424 temporis
986 1345 1184 1428 homiuibus

102 1445 252 1520 sedillis,
263 1443 322 1525 qui
333 1441 446 1506 multis
456 1439 590 1504 saeculis
603 1450 685 1520 post
697 1439 852 1503 vixerunt
863 1448 1010 1525 tempore
1026 1445 1184 1527 Neronis,

102 1540 623 1623 utscilioetratiouemquandem
630 1541 797 1618 haberent,
808 1543 1188 1624 quarehaechistoriain

103 1644 221 1708 lucem*
234 1651 316 1706 tuno
333 1641 502 1725 prodiens,
517 1660 665 1705 sermone
680 1641 778 1704 fuerit
793 1639 916 1706 Graeco
932 1649 1132 1728 composita,
1154 1653 1191 1710 et¹

104 1749 214 1810 tamen
235 1743 374 1806 Punicis
395 1741 513 1816 literis,
535 1761 611 1822 quae
635 1745 713 1804 tuuc
738 1731 880 1804 muitum
903 1742 1047 1807 diversa
1062 1751 1155 1808 eraut
1169 1765 1194 1810 a·

103 1843 250 1916 Graecis,
268 1841 405 1922 scripta.
449 1840 502 1903 De
528 1838 723 1904 ‘Sermone’
751 1857 829 1924 vero
855 1841 945 1921 quod
967 1844 1023 1919 ait,
1046 1845 1197 1909 sumtum*

104 1942 141 2006 id
158 1955 271 2006 estex
286 1940 439 2002 Homero
455 1940 578 2024 Odyss.
594 1950 629 2004 T.
643 1943 719 2003 175.
735 1941 794 2002 ubi
809 1941 851 2003 de
865 1939 975 2006 Cretan
989 1945 1108 2010 incolis
1130 1946 1192 2022 ait,

100 2040 199 2117 'Anne
224 2041 246 2102 δ’
259 2039 359 2102 ἄλλων
369 2043 495 2121 γλῶσσα
507 2037 677 2123 μεμιγμένη,
690 2039 777 2103 ‘alia
789 2040 928 2106 aliorum
943 2051 997 2106 est
1018 2044 1132 2126 lingua
1143 2046 1195 2108 in·

106 2151 160 2206 ter
181 2161 217 2204 se
242 2139 433 2225 permixta!
475 2139 604 2203 Verum.
621 2140 694 2203 heac
719 2140 760 2202 de
781 2140 945 2204 Dialectis
959 2144 1091 2222 exiguae
1105 2161 1196 2226 pror·

107 2262 169 2306 sus
181 2243 413 2323 discrepantiae
428 2241 464 2304 in
478 2240 739 2322 pronunciando,
752 2241 863 2323 qualis
877 2241 979 2304 etiarn
994 2243 1092 2309 bodie
1110 2245 1198 2308 inter

110 2341 287 2425 proximas
302 2343 399 2404 unius
416 2339 536 2404 Gentis
550 2341 648 2404 urbes
663 2341 857 2422 plerumque
871 2343 1042 2424 reperitur,
1056 2351 1134 2408 sunt
1147 2345 1198 2407 iu-

110 2441 301 2524 telligenda,
324 2445 362 2504 ut
386 2441 461 2522 ipse
480 2448 598 2505 censet
627 2441 835 2506 Eustathius.
879 2442 1089 2526 Neutiquam
1120 2464 1198 2526 ergo

113 2542 278 2608 debebant
293 2538 407 2606 Greci
427 2547 602 2619 propterea
615 2538 685 2599 diei
706 2538 867 2599 ‘diverso
889 2540 971 2600 iuter
993 2559 1029 2600 se
1051 2559 1200 2604 sermone

113 2642 233 2722 agere,'
251 2645 311 2701 ant
322 2634 492 2698 haesitatio
505 2635 630 2696 oboriri
643 2633 770 2694 homini
791 2633 889 2694 istius
906 2637 1064 2714 temporis
1076 2637 1202 2717 aliquid

113 2740 254 2823 publice
279 2734 454 2815 scripturo,
475 2732 608 2814 qualem
626 2731 757 2814 praefert
776 2736 889 2793 noster
912 2732 972 2795 lib.
990 2731 1021 2794 ν.
1037 2734 1088 2796 17.
1104 2747 1209 2799 usum¹

115 2859 156 2904 se
172 2835 352 2898 ‘Oratione
367 2830 426 2896 ea’
439 2836 588 2906 testatus,
606 2835 726 2913 ‘qnam
739 2831 884 2895 maxime
895 2831 981 2895 inter
991 2841 1062 2897 tum
1073 2833 1223 2899 diversa·

116 2934 278 3020 loquendi
292 2951 411 3016 genera
423 2931 580 3014 consequi
595 2949 635 2996 ac
656 2930 930 3014 comprehendere
944 2932 1112 3014 potuerit,’
1127 2955 1205 3000 oum

118 3040 235 3122 ntique
250 3053 294 3098 ex
313 3032 402 3096 omni
416 3031 551 3096 Graecia
563 3032 717 3096 homiues
731 3039 811 3095 tuuc
832 3030 954 3093 fuerint
967 3031 1026 3093 diu
1048 3034 1083 3094 iu
1103 3053 1205 3096 unam

120 3133 374 3220 expeditionem
389 3130 570 3214 conjuncti,
584 3137 620 3195 et
633 3131 718 3194 alter
732 3131 872 3193 altemm
885 3128 1047 3192 facillime
1058 3131 1208 3194 intellex-

122 3238 270 3312 erint-nt
287 3232 436 3295 homiues
459 3231 555 3295 unius
580 3231 702 3310 liuguae
724 3228 843 3292 solent
888 3230 1004 3311 Longe
1023 3229 1130 3314 major
1143 3229 1209 3294 fuit

125 3331 351 3416 discrepantia
370 3329 567 3408 elocutionis
593 3329 736 3406 Graecae,
751 3329 784 3392 in
811 3329 921 3394 uarias
945 3337 1022 3396 tunc
1046 3332 1209 3396 dialectos

125 3435 305 3510 distinctae,
327 3429 460 3512 quaudo
481 3429 594 3495 Graeci
614 3430 685 3513 jam
709 3435 801 3495 erant
819 3431 928 3512 sparsi
949 3451 1013 3496 nou
1035 3449 1096 3512 per
1108 3436 1210 3493 totam

128 3535 232 3600 modo
247 3531 426 3606 Graeciam,
440 3530 475 3593 in
488 3530 672 3594 latissimos
687 3529 816 3594 tandem
831 3529 913 3592 fines
923 3528 1087 3604 diffusam,
1101 3527 1160 3588 sed
1179 3532 1218 3589 et*

129 3637 166 3700 in
187 3631 303 3698 Asiam
318 3631 488 3707 minorem,
501 3631 536 3694 iu
548 3629 693 3707 ltaliam,
706 3636 741 3692 et
753 3627 912 3692 Siciliam.
956 3629 1077 3710 Neque
1098 3632 1211 3689 temen

130 3738 182 3802 ita
198 3739 274 3796 tuno
298 3730 700 3804 haesitavit·Herodotns,
729 3729 900 3791 historiam
934 3745 1028 3790 suam
1055 3727 1215 3801 editurus,

133 3834 256 3902 Ionica
269 3831 350 3896 licet
365 3831 509 3899 dialecto
522 3831 667 3894 uteretur
680 3829 762 3890 inter
777 3826 994 3889 Athenienses
1008 3830 1043 3888 at
1062 3823 1215 3888 Thurios.

136 3935 204 4004 Sed
228 3931 320 3996 haud
341 3931 442 3996 dubie
457 3928 624 3994 affectavit
643 3928 764 4008 Dictys
782 3929 894 3986 noster
907 3924 1072 3986 obsoletas
1088 3926 1121 3985 et
1135 3924 1217 3986 anti-

138 4033 349 4118 quatasjam,
367 4033 452 4096 forte
474 4038 507 4099 et
529 4026 716 4114 peregrinas
734 4025 932 4102 locutiones,
946 4030 982 4088 ut
1004 4025 1050 4090 ita
1072 4025 1218 4108 speciem
