3052 4900
315 327 379 394 ΒΗ
752 335 871 392 saeuit
879 335 958 386 mx.

300 493 399 556 enim
412 487 642 574 prefationem
656 503 720 548 uon
737 484 884 568 ejusdem
899 503 976 548 esse
991 472 1086 567 cujus
1100 489 1151 548 est
1164 484 1308 564 historia,
1319 491 1394 572 qui·
1476 559 1477 562 ,

313 592 363 654 vis
386 607 451 653 non
473 586 719 652 indoctissimus
740 583 838 648 laoile
859 585 1034 666 intelligat:
1063 606 1162 669 qnam
1185 586 1273 652 hand
1296 591 1395 654 dubie

313 690 468 754 indoctus
482 685 651 770 quispiam
665 686 969 770 nugator-subjecit.
1021 687 1109 750 Tum
1124 688 1159 750 in
1174 689 1249 754 aliis
1262 691 1395 773 scriptis

314 787 497 864 codicibus,
511 805 597 870 ques
611 787 692 852 editi
708 792 784 850 sunt
799 785 919 862 secuti,
929 805 993 849 non
1009 784 1215 866 Consularis,
1229 790 1287 852 sed
1302 789 1395 854 Prae·

314 907 368 954 ses
382 887 512 972 legitur.
557 887 651 952 Nihil
672 892 781 951 eutem
809 885 977 950 Meroerus
992 885 1100 963 affert,
1115 908 1174 952 our
1187 908 1250 952 sno
1265 897 1396 955 tantum

315 989 432 1056 Godici
445 989 578 1055 credero
592 989 678 1054 alios
692 987 856 1071 postulet:
881 988 937 1070 qui
958 989 1049 1070 quod
1070 989 1222 1070 qumdam
1236 989 1395 1072 loquendi

314 1109 436 1172 genera
450 1089 579 1156 Iastiuae
605 1090 744 1172 iringum
766 1088 912 1175 puritate
933 1107 999 1152 non
1020 1089 1102 1152 satis
1115 1087 1215 1170 digna
1229 1090 1262 1153 in
1277 1088 1395 1153 cadem

315 1190 471 1257 Historia
482 1190 548 1274 legi
566 1197 691 1269 censet,
710 1190 865 1274 proiecto
888 1209 925 1254 se
942 1190 1015 1274 jam
1030 1189 1255 1272 depontanum
1269 1189 1394 1255 factum

313 1293 443 1375 probat,
457 1309 555 1376 quem
564 1291 637 1377 jam
652 1293 742 1358 domi
755 1311 792 1356 se
809 1293 985 1370 continere,
998 1309 1060 1356 neo
1073 1286 1221 1374 suffragii
1229 1290 1352 1356 ferendi
1361 1290 1396 1371 in

313 1390 482 1458 literarum
496 1391 679 1460 Comitium
692 1393 738 1458 ire
753 1412 814 1477 par
827 1392 937 1458 fuerit.
975 1393 1082 1458 wLibro
1098 1407 1137 1457 rr.
1150 1390 1397 1476 inprinseditis
1517 1453 1518 1456 ,

314 1489 326 1554 l
367 1511 387 1556 e
489 1515 498 1560 ε

326 1493 535 1676 ⁰g‘liiiriiiipne
545 1599 676 1658 nostros
691 1586 870 1656 multorum
883 1591 1006 1656 dierum
1018 1592 1233 1674 navigatione
1245 1591 1396 1676 aliquan-

314 1695 383 1754 tum
407 1691 591 1756 exhaustos
612 1692 757 1756 maxime
778 1694 955 1775 praesentia
966 1692 1105 1775 Telephi
1123 1689 1392 1756 exanimavcrut'

313 1789 358 1856 Et
372 1790 477 1856 infra:

359 1888 546 1958 ‘cohortati
560 1910 640 1957 snos
654 1892 793 1976 quisque
806 1892 879 1958 scie
894 1891 1085 1960 conflixere.
1129 1893 1216 1962 Turn
1233 1911 1315 1958 vero
1330 1891 1397 1956 vali·
1517 1963 1518 1970 χ

314 1990 507 2074 pumturum
517 1998 622 2056 tracto
631 1993 821 2071 certamine,
826 1993 958 2077 plurimi
967 1993 1133 2078 utriusque
1143 1993 1247 2078 partis
1255 1989 1398 2056 cadunt?

314 2089 701 2177 Mercerusutrobique:
729 2093 787 2158 ‘in
801 2093 1023 2177 aliquautnm'
1045 2094 1161 2172 edidit,
1172 2099 1395 2175 ,annotatqnez

314 2190 524 2270 ‘italibriot
538 2190 587 2257 sic
600 2211 694 2277 scope
705 2192 836 2271 Noster,
846 2211 867 2258 a
877 2194 972 2278 cnjus
987 2195 1116 2261 saeculc
1126 2200 1254 2260 nonest
1263 2195 1399 2275 exigen-

314 2292 357 2358 da
369 2291 481 2358 latini
495 2295 659 2359 sermonis
672 2293 825 2376 puritas!
850 2294 920 2360 Sed
934 2297 1075 2378 primum
1090 2297 1211 2366 salsum
1220 2300 1398 2378 esasaepe

313 2393 363 2456 aie
376 2391 467 2473 apud
478 2393 565 2459 hunc
580 2395 774 2476 scriptorem
795 2395 869 2476 legi,
885 2415 944 2458 neo
958 2397 1047 2459 enim
1060 2404 1222 2479 praeterea
1235 2403 1290 2460 est
1301 2395 1399 2460 loeus

312 2491 346 2553 in
361 2493 450 2558 ourui
464 2511 504 2554 ea
520 2491 685 2572 Historia,
699 2495 757 2558 ubi
772 2495 865 2558 vocis
879 2495 1128 2578 ‘aliquantum’
1141 2497 1227 2560 idem
1241 2512 1324 2558 usas
1334 2494 1397 2556 sit.

313 2589 441 2656 Deinde
460 2607 578 2670 negare
592 2588 764 2657 Mercerns
776 2595 905 2671 nequit,
926 2615 989 2659 nee
1003 2615 1089 2659 suos
1110 2595 1216 2657 libros
1230 2611 1398 2676 nusquam

313 2699 479 2774 corrupte
504 2689 658 2756 lectionis
679 2709 763 2756 esse.
799 2688 899 2768 »Quid
923 2710 1000 2773 erge
1024 2699 1087 2771 est,
1109 2711 1167 2774 our¹
1177 2697 1349 2758 auctorem
1360 2693 1399 2760 id

313 2791 439 2874 potins,
460 2788 552 2872 quod
575 2790 610 2854 in
633 2787 785 2868 Merceri,
805 2809 907 2874 quam
921 2791 1013 2875 quod
1027 2792 1063 2856 in
1078 2793 1219 2858 alierum
1231 2793 1324 2860 libris
1337 2801 1400 2872 est,

315 2889 496 2972 scripsisse
509 2889 748 2955 ecorudemusl
774 2891 925 2956 Tandem
939 2911 1055 2975 parum
1068 2891 1400 2961 Mercerusdootrina
1453 2927 1455 2934 ·

315 3006 378 3054 sna
390 2989 427 3054 in
440 2989 600 3056 bonerum
615 2997 787 3058 anctorum
809 3011 872 3058 usu
890 2993 1032 3075 dignum¹
1043 2993 1227 3072 faciteam
1243 2995 1286 3060 'id
1305 2996 1399 3060 dam·

313 3107 393 3154 nare
409 3088 554 3156 smmum
568 3089 708 3167 inducit,
716 3091 811 3174 quod
827 3097 862 3157 et
875 3094 994 3175 regulis
1016 3095 1096 3159 artis
1109 3097 1280 3177 congruit,
1302 3101 1336 3160 et
1349 3097 1399 3162 lo·

314 3187 553 3274 cupietissimis
567 3210 605 3256 se
620 3193 811 3258 auctoribus
826 3195 925 3259 tutari
936 3201 1056 3279 potest.
1076 3195 1125 3260 Ut
1138 3197 1225 3261 euim
1235 3197 1399 3263 iuGram-

313 3291 446 3360 rusticis
461 3290 574 3370 docui,
587 3291 771 3372 Quantum,
796 3294 953 3372 Tantum,
976 3295 1132 3372 Multum,
1154 3296 1310 3374 Paulum,
1325 3297 1401 3362 Ari-

312 3398 486 3476 quantum,
501 3392 716 3486 Immensum,
738 3396 928 3478 regulariter
939 3416 1015 3465 cnm
1029 3395 1268 3479 Praepositione
1287 3395 1331 3460 cd
1342 3399 1402 3464 uel

313 3493 358 3575 io,
372 3491 505 3575 figurate
516 3511 599 3562 uero
614 3495 684 3558 sinc
698 3496 935 3578 praepositione
953 3496 1123 3562 dicuntur:
1144 3504 1193 3572 nt,
1217 3501 1227 3529 ‘
1240 3505 1399 3579 quantum

314 3602 410 3678 puter
424 3594 641 3674 tiliamentum
653 3595 755 3678 poeta
769 3595 892 3677 ingenii
907 3597 1062 3678 suipartu
1077 3595 1216 3676 gaudet:
1242 3601 1255 3633 1‘
1265 3596 1399 3667 Avarus

313 3697 456 3765 multum
470 3703 521 3764 est
534 3697 711 3766 ambitioso
719 3697 885 3768 deterior?
915 3696 1047 3762 ‘Senex
1059 3705 1113 3761 est
1125 3698 1261 3780 paulum
1269 3699 1314 3764 ad
1327 3717 1399 3766 rem

313 3799 497 3874 attentior:
519 3797 738 3866 ‘Adolescens
747 3798 1253 3883 eliquantumanimoomissior!
1276 3797 1397 3866 ‘Mons

312 3897 511 3966 immensum
522 3899 657 3970 editus?
701 3901 740 3971 In
755 3901 808 3970 his
819 3902 973 3969 omnibus
984 3900 1253 3983 praepositionem
1267 3899 1400 3966 desido-

313 3999 388 4075 rari,
402 4000 546 4081 plurima
562 4003 760 4086 optimorum
775 4009 945 4072 auctorum
960 4001 1116 4084 exempla
1125 3995 1274 4065 'vincunt
1321 4001 1401 4066 Lis.

315 4109 384 4160 xx·
399 4097 453 4162 27.
477 4099 539 4168 ‘In
555 4107 684 4170 tentum
697 4123 793 4172 suam
808 4106 963 4175 virtutem
977 4098 1154 4170 enituisse?
1194 4099 1287 4185 Virg.
1302 4105 1313 4140 ‘
1321 4101 1400 4172 Neo
