3052 4900
386 331 434 377 nn
460 331 590 378 uxcrn.
611 331 736 380 anunm
761 335 908 382 nrsron.
1120 312 1188 384 319

10 511 11 554 3
100 472 262 544 tissimus,
276 469 419 534 occidit:
441 471 565 534 AEoeas
580 469 877 552 Amphimachum:
897 480 930 536 et
951 475 1110 540 Nireum:
1134 475 1184 539 A·

10 575 11 660 J
100 572 218 636 chilles
249 569 470 652 Euphemum‚
497 570 759 654 Hippothoum,⁸
788 571 951 652 Pyleum‚²
970 574 1139 640 Asterium
1153 585 1184 640 :¹¹

100 670 284 736 Diomedes
299 671 547 754 Xanthippum,
564 671 769 735 Illesilrlem.v
810 669 1038 752 Agamemnon
1054 683 1091 738 ut
1101 677 1184 742 vidit

98 771 302 835 fortissimos
326 771 497 848 cecidisse,
518 789 662 853 pugnam
686 767 864 856 reuocauit.-
906 771 1043 854 Trojani
1064 775 1132 838 laeti
1147 777 1181 837 iu

100 871 262 954 oppidum
275 876 488 935 revertuntur.
517 871 749 954 Agamemnon
764 872 924 951 sollicitus
938 873 1043 936 duces
1056 874 1091 936 in
1107 893 1186 937 eon·

10 1021 12 1068 k
101 973 212 1036 silium
242 979 426 1036 mumcat:
450 972 601 1037 hortatur
629 980 666 1038 ut
695 974 834 1037 viriliter
854 984 1048 1058 pugnarent,
1075 993 1184 1056 neque

10 1069 12 1080 ”
99 1073 305 1148 desisterent,
335 1074 492 1156 quoniam
520 1073 625 1158 major
652 1095 732 1157 pars
762 1095 805 1138 en
834 1077 905 1139 suis
935 1083 1088 1158 superata
1114 1076 1187 1152 'sit3

100 1193 233 1254 sperare
256 1193 292 1236 se
316 1176 500 1237 exercitum
523 1193 567 1237 ex
590 1175 703 1257 Mysia
726 1175 872 1256 quotidie
900 1184 1185 1256 superventurum.

100 1273 183 1354 [ἢ]
206 1273 351 1337 Postera
375 1274 428 1334 die
450 1272 679 1353 Agamemnon
694 1280 803 1335 totum
817 1265 1009 1348 exercitum,
1025 1281 1057 1338 et
1072 1293 1188 1337 omnes

100 1374 214 1466 duces,
240 1376 275 1437 iu
296 1393 442 1456 pugnam
466 1373 600 1457 prodire
623 1373 744 1455 coegit.
788 1373 920 1437 Contra
935 1375 1084 1456 Trojani.
1128 1373 1185 1436 Fit

98 1493 221 1556 magna
234 1474 360 1550 caedes,
376 1476 494 1538 acriter
507 1475 669 1556 utrimque
683 1476 975 1556 pugnatur,multa
989 1475 1096 1538 millia
1108 1474 1185 1538 hinc

100 1581 132 1636 et
157 1573 234 1637 inde
255 1574 397 1639 cadunt:
426 1594 486 1638 nec
510 1574 721 1638 differebatur
740 1595 867 1657 pugna,
895 1576 942 1640 ita
963 1581 1000 1638 ut
1018 1575 1188 1638 coutinuis

101 1675 268 1756 octoginta
282 1673 400 1737 diebus
414 1682 596 1756 pugnatum
611 1676 667 1762 sit.
689 1673 919 1754 Agamemnon
932 1682 968 1738 ut
984 1675 1067 1738 vidit
1081 1676 1186 1738 multa

99 1775 205 1838 millia
218 1774 368 1857 quotidie
385 1775 515 1850 cadere,
530 1792 592 1837 nee
608 1771 760 1836 sufficere
772 1781 922 1836 mortuos
938 1774 1009 1836 sine
1025 1774 1187 1836 intermis-

100 1876 191 1938 sione
201 1874 355 1951 itinerari,
368 1875 460 1938 misit
473 1876 603 1956 legatos
614 1873 772 1954 Ulyssem
784 1879 817 1937 et
829 1873 1024 1936 Diomedem
1035 1873 1078 1935 ad
1092 1871 1186 1935 Pria-

99 1993 200 2048 mum,
214 1980 254 2036 nt
268 1974 421 2036 inducias
435 1975 468 2037 in
484 1973 660 2037 triennium
676 1979 854 2054 peterent,w
877 1981 914 2037 nt
933 1993 1014 2036 suos
1033 1973 1185 2034 funerare

98 2078 222 2153 posset,
237 2081 271 2157 et
286 2074 476 2136 vulneratos
490 2081 664 2148 cananaei
679 2091 782 2138 naves
797 2072 943 2149 reticere,
959 2081 992 2136 et
1001 2073 1185 2136 exercitum

97 2192 259 2254 reparare,
275 2180 546 2255 commeatusque
560 2191 765 2256 comparare.
796 2173 938 2257 Ulysses
951 2181 986 2238 et
1003 2173 1185 2238 Diomedes

588 2405 693 2455 NOTAE

127 2554 139 2578 ⁰
159 2545 308 2611 Elpenorem]
332 2546 384 2594 Sed
398 2547 550 2610 Elpenorem
568 2547 621 2596 Ho·
693 2549 1058 2612 ‘Euphemamfflippcttonffl
1084 2552 1185 2616 Enptre·

97 2636 192 2679 merus,
203 2619 255 2669 od.
268 2627 300 2684 li.¹
313 2621 339 2668 iri
356 2622 432 2670 domo
449 2623 536 2671 Circes
556 2637 622 2669 rnor-
661 2623 696 2668 nri
707 2629 814 2669 rnortenr
828 2631 897 2669 tacet
907 2623 1055 2678 Homerus;
1081 2629 1108 2668 et
1120 2623 1185 2681 Hip·

97 2703 169 2744 tnum
183 2693 256 2752 dicit,
267 2707 324 2741 enm
336 2708 350 2740 e
362 2701 433 2741 tecto
444 2695 589 2742 decidisset.
662 2693 781 2751 pothonm
801 2693 834 2738 ab
851 2691 932 2752 Aiace
952 2691 1102 2738 Telamonia
1117 2693 1186 2739 occi·

128 2774 141 2808 ¹³
159 2767 274 2827 Dorium]
295 2765 385 2828 Neque
395 2767 462 2826 apud
472 2767 623 2825 Homerum,
660 2777 715 2810 snm
726 2764 801 2822 dicit,
811 2765 843 2810 li.
853 2770 878 2812 Ρ.
912 2763 978 2810 Vide
989 2764 1056 2825 apud
1070 2766 1176 2827 Dictyn.

97 2855 180 2906 neque
192 2839 261 2901 apud
272 2839 334 2886 alios
346 2839 454 2901 quosvis,
464 2839 571 2886 Durium
584 2838 622 2884 iu·
693 2837 702 2868 ⁸
717 2834 830 2898 Pylenm]
853 2835 1020 2885 scribendum
1033 2839 1041 2864 ⁸
1052 2837 1185 2900 Pyleum?

96 2919 192 2964 venias.
225 2914 295 2963 Puto
307 2913 430 2973 Daretem
443 2921 534 2960 nomen
552 2911 622 2959 urbis
654 2909 763 2960 uinea
772 2911 895 2974 Homero,
906 2911 949 2974 qni
960 2911 1018 2974 ejus
1026 2921 1132 2962 mortem
1146 2922 1183 2963 ta·

97 2985 495 3040 anmairinomiuecouiudisse.
514 2985 623 3034 Dorium
662 2992 714 3035 eet.
1161 2987 1164 2990 '

97 3066 164 3114 eninr
182 3065 208 3112 in
219 3060 331 3111 Arcadia
346 3060 417 3108 circa
434 3059 565 3122 Alplrernn·
578 3061 624 3109 ali·
693 3072 706 3096 ¹¹
720 3061 857 3126 Aeternam]
869 3062 991 3111 Asterium
999 3062 1041 3110 hie
1055 3065 1135 3111 virum
1148 3064 1185 3112 fn·

98 3139 166 3188 cubi.
195 3137 299 3195 Straba
319 3147 372 3183 vn.
395 3147 428 3182 err
446 3135 568 3196 Homero,
591 3135 625 3182 ll.
663 3138 702 3185 eit
712 3138 805 3196 Darae,
815 3137 883 3200 qnod
894 3151 921 3184 re
933 3134 1050 3183 vereinit
1062 3137 1184 3198 oppidum

98 3220 123 3262 Β.
157 3213 219 3263 Nisi
228 3211 314 3275 ponus
326 3223 374 3272 pro
384 3211 391 3237 ‘
403 3207 527 3257 Dorium’
542 3209 624 3270 scrip·
662 3210 806 3264 Thessalia,
817 3210 895 3259 Hom.
907 3210 939 3258 Il.
950 3215 977 3256 n.

98 3296 155 3338 tum
173 3286 253 3336 luisse
274 3285 344 3334 dices
364 3282 523 3343 ‘Dionem’
547 3275 624 3346 quein
694 3285 892 3346 *Xanthippum
904 3282 1041 3344 Mennim]
1057 3283 1185 3344 Xanthip-

100 3358 624 3414 Nosterinflectorsacenummntinum
663 3361 772 3424 pinella
782 3361 888 3420 mentio,
900 3371 987 3423 neque
1003 3357 1070 3421 apud
1090 3357 1185 3406 llonre·

99 3438 229 3486 Homerus
246 3449 263 3482 a
281 3436 344 3483 Piro
366 3433 519 3497 Imbraside,
541 3433 573 3482 ll.
592 3440 622 3483 n.
663 3449 719 3485 rum
729 3449 810 3499 neque
821 3434 891 3498 apud
906 3435 977 3483 elios.
1009 3433 1069 3481 Fuit
1083 3431 1185 3496 quidem

97 3511 134 3558 Et
144 3509 294 3560 itaomuiuo
304 3510 490 3572 corrigendum.
506 3510 548 3558 Sic
559 3511 624 3559 Dic·
664 3509 724 3558 olim
742 3509 907 3572 Xanthippus
927 3507 1036 3555 Melania
1050 3506 1125 3565 filare,
1139 3503 1186 3552 sed

100 3593 142 3647 tys
163 3583 253 3632 scribit
273 3584 384 3632 Dionem
407 3592 436 3634 et
455 3584 625 3648 Polyaenum,
664 3584 686 3631 is
697 3591 757 3633 ante
767 3584 903 3646 nrojrmm
913 3581 1103 3645 expeditionem
1115 3578 1185 3640 a'l'y-

98 3661 160 3711 satie
180 3657 288 3721 impigre
305 3665 456 3724 pugnantes,
474 3660 622 3708 vulneratos
660 3657 885 3709 decenciruriuir.
917 3655 1108 3718 Apolloniden.

98 3735 201 3792 inim,
448 3757 450 3762 v
691 3742 709 3766 '
728 3735 762 3782 Ut
775 3732 916 3781 arduensis
930 3729 1057 3778 trienninm
1066 3723 1184 3790 peterent]

129 3807 312 3872 epulemur]
324 3806 464 3867 Agatheuir
471 3804 562 3855 filium.
579 3806 621 3854 De
659 3807 731 3857 liilril
752 3807 905 3856 intentatum
924 3805 1028 3866 reliquit
1045 3805 1135 3858 Dares,
1154 3809 1185 3851 ut

99 3884 154 3946 ejnr
165 3891 249 3932 munte
258 3882 320 3930 nilril
331 3881 470 3930 Homerica
661 3880 831 3942 expeditionis
841 3878 958 3940 Trojauae
975 3873 1124 3926 decennium
1139 3891 1185 3925 en·

130 3957 353 4019 rmum]
363 3953 624 4007 QuernHomemab
661 3957 749 4018 pleat:
768 3955 820 4017 qni,
836 3958 896 4016 post
908 3951 1021 4000 induciae
1036 3951 1140 4012 biennii,
1150 3952 1183 4000 de
1252 3953 1261 3966 ¹

99 4031 216 4079 Hectore
226 4031 338 4080 occisum
349 4030 425 4092 dicia
434 4031 466 4081 ll.
477 4035 502 4081 r.
521 4030 565 4080 De
575 4026 624 4078 Ni·
662 4027 752 4094 quibus
761 4029 814 4092 jam
826 4041 912 4092 supra,
924 4027 965 4076 tric
978 4027 1080 4077 triennii
1091 4023 1183 4076 alteras

67 4115 69 4120 ’
99 4104 137 4154 rei
148 4108 233 4153 morte
243 4105 304 4153 nihil
316 4107 452 4155 Homerus.
660 4102 740 4166 ponit.
