3052 4900
389 755 911 895 APPENDIX.

503 1097 802 1112 w

263 1304 631 1399 SAMUELIS
680 1309 1036 1403 ARTOPOEI

503 1527 783 1623 Panemo

225 1762 268 1821 ru
299 1747 572 1822 lauaurrulu
599 1760 831 1822 uurrroueru
859 1759 961 1822 auur
984 1763 1070 1822 resi.

100 2205 270 2296 Dronrru
287 2231 519 2298 crrrrussu
537 2231 732 2296 exhibemus
757 2232 833 2312 tibi,
855 2233 980 2299 lector
1005 2227 1186 2316 Benevola

98 2348 194 2394 nora
208 2339 296 2400 veste
311 2335 580 2412 condecoratum,
588 2333 755 2419 talemque
764 2353 911 2418 prorsus,
921 2335 1034 2419 qualis
1044 2353 1089 2399 ex
1098 2329 1188 2420 Sori-

97 2431 169 2496 uiis
192 2432 327 2502 illustris
340 2438 415 2515 viri,
430 2435 569 2501 Utatur
594 2433 806 2518 anneum,
825 2440 917 2524 apud
931 2435 1188 2524 Argentoratenr

99 2553 159 2598 sos
180 2533 342 2601 Praetoris
365 2537 477 2620 Regii,
490 2536 621 2621 prodire
643 2538 776 2618 debuit}
808 2559 875 2602 nou
890 2541 1093 2616 dubitantes,
1108 2527 1189 2614 quin

97 2635 190 2697 ultro
205 2633 268 2693 tibi
285 2633 360 2692 'sese
381 2639 563 2712 probatura
577 2639 623 2694 sit
640 2637 716 2694 haec
736 2633 851 2693 editio.
895 2630 980 2694 Cum
994 2632 1082 2692 e'nim
1096 2626 1188 2714 Aue-

96 2739 155 2796 tor
168 2728 224 2791 hic
238 2728 379 2810 plurima
393 2729 439 2790 sit
453 2746 576 2809 passus
587 2746 609 2790 a
622 2727 831 2791 librariorum
845 2747 953 2806 mauu,
962 2746 1100 2810 quorum
1110 2744 1187 2809 par·

97 2831 164 2896 tim
184 2827 314 2893 incude
334 2827 428 2892 illum
450 2832 655 2910 corruperat,
669 2825 791 2908 partim
811 2828 958 2908 inscitia,
973 2847 1040 2895 uou
1055 2827 1187 2911 eapien-

98 2914 186 2996 tium
206 2928 287 3013 styli
301 2946 323 2992 a
337 2929 399 2992 suo
411 2926 540 2992 saeculo
560 2925 764 2994 abhorrentis
783 2931 950 3015 antiquam
972 2920 1185 3018 gravitatem}

97 3032 227 3098 facturn
240 3029 315 3096 indo
329 3038 393 3108 est,
406 3037 445 3095 ut
459 3036 495 3093 et
508 3029 763 3094 existimationis
781 3031 846 3115 ipsi
866 3033 988 3096 debitae
1008 3022 1187 3120 plurimum

100 3134 275 3210 amitteret,
290 3139 326 3196 et
340 3151 521 3215 paucorum
536 3130 714 3196 admodum
732 3132 887 3196 manibus
906 3135 1071 3196 tereretur.
1115 3131 1187 3194 Ne·

98 3233 167 3318 'que
190 3252 269 3299 vero
293 3233 361 3300 illis
385 3232 504 3309 solum,
526 3229 585 3296 sed
604 3235 638 3296 et
659 3228 795 3296 criticis
817 3250 885 3296 uou
904 3249 1023 3316 parum
1044 3233 1096 3294 est
1114 3247 1186 3292 sua

100 3335 201 3399 sortis
215 3335 307 3419 quod
330 3335 479 3418 imputet,
501 3333 561 3418 qui
583 3351 661 3397 oum
685 3331 817 3399 Msstos
837 3333 984 3412 Codices
1007 3328 1184 3395 dissentire

98 3434 183 3498 inter
195 3453 233 3497 se
249 3435 537 3520 deprehenderent,
553 3453 645 3518 saepe
660 3435 821 3500 veriorem
839 3435 1018 3501 lectionem
1028 3431 1079 3498 illi
1094 3436 1186 3514 post·

99 3541 293 3616 posueruut,
308 3554 407 3618 quam
428 3538 527 3619 genio
551 3536 681 3613 saeculi,
703 3557 772 3622 quo
792 3538 836 3616 Q;
856 3536 1039 3623 Septimius
1060 3533 1186 3617 Dietyu

98 3634 331 3715 interpretatus
341 3651 415 3695 esse
426 3633 558 3713 dieitur,
568 3639 864 3703 convenientiorem
870 3637 1080 3722 iudicabant.
1105 3631 1185 3711 Quo

99 3733 208 3816 magis
219 3732 270 3797 illi
284 3732 468 3815 optandum
481 3740 561 3811 erat,
569 3735 776 3802 utiuveuiret
787 3739 967 3802 Patronem
980 3735 1125 3819 aliquem
1139 3749 1185 3797 ex

100 3833 238 3917 reipubl.
251 3834 407 3900 literatius
419 3831 632 3914 Proceribus,
647 3839 707 3922 qui
719 3838 909 3904 reformaret
921 3837 1074 3902 habitum
1089 3853 1185 3932 urnu7
1212 3920 1215 3926 Ι

100 3939 234 4017 tumque
249 3936 334 4020 ejus,
349 3941 383 4002 et
397 3935 440 4002 a'b
453 3933 520 4000 hoo
534 3936 689 4018 neglectu
701 3938 902 4005 vindicatum
923 3938 1061 4024 pristino
1082 3933 1184 4004 nitori

101 4033 318 4120 dignitatique
336 4037 532 4104 restitueret
575 4032 678 4113 Quod
704 4039 836 4122 quidem
856 4039 905 4104 illi
926 4039 1077 4124 contigit,
1091 4029 1185 4125 post·

103 4153 203 4218 quam
223 4137 286 4202 riri
306 4140 404 4206 istius
419 4139 551 4218 summi,
574 4157 662 4204 nune
679 4139 927 4208 sublimioribus
943 4141 1065 4209 udmob'
1080 4137 1182 4218 oriris,
