3036 4918
313 307 357 374 88
569 317 651 368 rao.
675 316 866 366 ruarzosrr
895 313 1141 364 nrsssnrsrro

314 475 382 528 tum
399 461 591 526 Memnonis
613 459 733 524 collum
759 457 858 520 hasta
877 456 1059 538 traiecisse,
1080 461 1117 518 et
1140 453 1187 520 ita
1208 469 1287 516 eum
1309 453 1401 516 occi-

314 565 425 628 disse:
448 561 532 626 Eum
556 561 668 644 ipsum
683 557 759 622 dein
781 557 903 620 vicisse
918 555 1028 618 denno
1042 551 1217 634 Troianos,
1231 557 1265 614 et
1279 556 1401 634 captos

314 663 439 728 Priami
465 661 564 738 lilios,
592 660 738 722 Troilum
763 663 797 720 et
827 655 1026 738 Lycaonem,
1046 653 1231 736 jugulasse:
1254 650 1402 734 denique

314 783 387 830 rum
402 761 544 826 induciae
565 767 677 822 essent
698 763 832 837 propter
853 753 990 818 solenne
1013 751 1202 835 Thymbraei
1215 749 1403 834 Apollinis,

314 871 348 928 et
362 865 405 927 ah
419 863 567 943 utrisque
582 877 682 922 sacra
696 855 810 918 fierent
824 855 856 918 in
878 853 949 936 ejus
971 854 1049 917 luco
1071 859 1163 916 extra
1179 851 1289 925 Ilium,
1305 851 1404 916 Pria·

314 983 403 1028 mum
429 962 561 1026 misisse
585 959 713 1022 Idaeum
737 955 780 1020 ad
802 953 968 1019 Achillem
997 955 1038 1018 de
1059 953 1235 1036 Polyxena
1254 953 1322 1035 ipsi
1344 952 1403 1016 de-

315 1061 520 1146 spondenda‚
529 1056 694 1124 Achillem
711 1074 788 1119 vero
798 1056 978 1136 separatim
992 1074 1067 1118 oum
1080 1053 1172 1118 Idaeo
1181 1053 1403 1124 collocutum,

313 1163 412 1246 idque
427 1160 567 1225 Graeoos
579 1158 716 1242 sequius
732 1157 923 1238 accepisse:
948 1155 1032 1220 Mox
1044 1155 1229 1220 accessisse
1243 1153 1403 1220 Paridem

314 1268 347 1327 et
369 1261 591 1344 Deiphobum,
611 1277 753 1341 quorum
778 1257 835 1322 ille
850 1255 1025 1333 Achillem,
1048 1275 1144 1338 quem
1166 1255 1221 1318 bic
1244 1273 1306 1337 per
1325 1275 1404 1338 spc-

314 1363 398 1426 oiem
417 1363 572 1427 amicitias
600 1359 796 1442 complexus
811 1358 957 1435 tenebat,
972 1357 1058 1441 apud
1081 1377 1171 1422 aram
1194 1357 1306 1439 gladio
1321 1377 1404 1422 con-

314 1459 454 1523 foderit:
477 1463 544 1542 quo
565 1459 657 1523 lacto
680 1458 756 1521 illos
779 1456 847 1520 alia
864 1459 932 1532 ria,
947 1477 1045 1540 quam
1061 1477 1129 1539 qua
1144 1464 1309 1532 venerant,
1324 1459 1402 1521 luco

315 1577 475 1640 egressos,
500 1578 595 1623 cursu
617 1557 825 1622 contendisse
851 1558 972 1622 Ilium:
994 1557 1134 1641 Ajacem
1155 1578 1237 1623 vero
1261 1559 1403 1623 Diome·

317 1659 396 1724 dem
417 1666 451 1725 et
465 1658 639 1742 Ulyssem,
660 1659 718 1742 qui
738 1665 833 1721 extra
856 1656 967 1721 lucum
988 1660 1210 1741 expectabant
1223 1659 1405 1737 Achillem,

315 1779 390 1823 cum
421 1761 601 1838 eoactori,
624 1758 800 1823 camillos
830 1759 1036 1840 aufugientes
1057 1779 1101 1824 ex
1126 1761 1203 1826 luco
1228 1761 1402 1838 vidissent,

315 1861 511 1938 accurrisse,
541 1865 576 1926 et
596 1860 766 1924 invenisse
793 1859 867 1924 istic
894 1859 1060 1925 Achillem
1082 1863 1227 1927 letaliter
1253 1863 1404 1927 vulnera·

315 1965 404 2023 tnm:
426 1959 556 2024 dixisse
581 1967 659 2026 tuno
684 1960 833 2044 Ajacem,
856 1961 958 2026 ‘Fuit
978 1963 1204 2029 confirmatum
1227 1983 1268 2029 ac
1289 1983 1404 2028 verurn

315 2077 374 2142 per
394 2062 564 2138 mortales,
586 2063 711 2126 nullum
735 2061 905 2126 bominum
927 2065 1081 2141 existere,
1095 2065 1152 2146 qui
1177 2075 1209 2128 te
1236 2083 1317 2129 vera
1336 2067 1404 2129 vir-
1511 2149 1512 2158 ἶ

316 2167 389 2224 tute
404 2168 586 2244 superaret,
601 2162 662 2226 sed
684 2163 732 2226 uti
755 2163 865 2244 palam
882 2169 945 2238 est,
969 2171 1028 2231 tua
1049 2170 1081 2226 te
1097 2165 1286 2228 inconsulta
1299 2171 1404 2230 tenre-
1425 2193 1428 2200 Δ
1511 2163 1513 2184 “

316 2259 395 2322 ritas
419 2261 588 2341 prodidit.'
628 2259 707 2334 Vel,
729 2261 762 2320 'si
787 2261 953 2322 malumus
978 2259 1050 2323 hmo
1078 2260 1196 2326 Graece
1221 2265 1327 2342 legere
1360 2285 1405 2330 ex
1511 2281 1512 2284 ’

317 2355 453 2432 ΜαΙεΙα,
468 2358 529 2418 Ἠν
550 2359 607 2440 ἄρα
630 2355 747 2430 ἀληθῶς,
764 2353 840 2427 ὅστις
865 2355 1009 2442 ἀνθρώπων
1023 2361 1187 2435 (dicuntur
1208 2365 1281 2428 hoec
1304 2369 1406 2449 quasi

316 2474 377 2540 per
390 2456 692 2536 interrogationem,
708 2453 807 2519 ‘Fuit
821 2474 897 2535 ergo
914 2476 987 2521 vere
997 2459 1117 2540 aliquis
1132 2460 1310 2539 hominum,
1322 2469 1406 2546 quiss

316 2559 375 2622 duc.
387 2557 416 2636 i)
438 2553 551 2633 ἠδύνατο
572 2553 677 2619 κτεῖναί
692 2579 724 2618 σε
739 2559 817 2641 ἀλκῇ
832 2555 995 2646 διαφέροντα
1008 2556 1133 2638 savem
1155 2558 1267 2635 'Ara’a
1284 2563 1319 2638 “i
1335 2573 1409 2649 προ.
1425 2571 1430 2612 1

317 2655 413 2722 rivere
434 2653 567 2721 detineri
587 2679 638 2722 er:
683 2657 923 2741 Respondente
946 2659 1091 2737 Achille,
1119 2661 1218 2725 ‘dolo
1231 2667 1404 2748 meatque
1513 2667 1514 2698 ³

317 2760 449 2824 insidiis
466 2757 666 2838 Deiphobus
692 2763 791 2837 atque
809 2757 997 2823 Alexander
1015 2761 1197 2845 Polyxene
1214 2763 1318 2843 gratia
1340 2769 1405 2830 cir-

317 2855 533 2921 cumvenere!
549 2850 633 2933 Δόλφ
644 2854 813 2934 ripyoiourrd
822 2879 859 2933 με
868 2857 958 2940 Πάρις
970 2861 1017 2919 aori
1029 2860 1170 2938 Δηΐφοβος
1181 2864 1225 2924 διὰ
1236 2865 1404 2943 Πολυξένην.

319 2955 405 3029 Quae
437 2949 573 3013 Malelae
595 2951 697 3014 verba
720 2960 840 3016 temere
864 2956 1015 3021 solicitat
1035 2959 1109 3041 ejus
1130 2962 1247 3040 editor,
1270 2966 1425 3049 legeusi'

318 3051 408 3114 Δόλον
427 3044 597 3134 εἰργάσαντό
613 3075 659 3130 με.
704 3050 793 3115 Nam
815 3055 928 3119 eadem
945 3059 1041 3138 plane
1059 3060 1157 3126 babet
1173 3065 1356 3146 Cedrenus,
1371 3075 1404 3134 ei

317 3153 423 3234 magis
439 3153 637 3216 conveniunt
652 3171 725 3215 cum
741 3161 857 3219 nostro
872 3157 1048 3239 Septimio.
1093 3162 1279 3230 Posuerunt
1293 3175 1403 3232 autem
1423 3201 1426 3208 ·

316 3254 380 3328 illi,
396 3257 432 3314 ut
446 3253 561 3332 liquet,
577 3250 744 3335 εἰργάσαντο
767 3273 828 3335 pro
844 3255 1051 3340 larrpyolcavro,
1067 3261 1129 3326 hoo
1145 3271 1208 3341 est,
1225 3269 1403 3333 ‘consece-

318 3358 404 3425 runt‚
429 3349 688 3414 interfecerunt?
731 3353 819 3417 Haec
845 3375 921 3437 ergo
943 3360 1055 3423 omnia
1068 3369 1163 3426 tanto
1180 3383 1355 3438 consensu,
1370 3371 1426 3432 et³

317 3473 424 3522 rerum
436 3469 457 3514 a
467 3453 635 3514 communi
646 3457 808 3518 sententia
830 3474 924 3538 saepe
938 3460 1192 3542 abhorrentium,
1206 3473 1239 3530 et
1252 3468 1402 3550 aliquan·
1421 3487 1427 3496 ·

318 3555 362 3618 do
379 3554 479 3619 etiam
499 3553 643 3635 ipsarum
658 3552 875 3635 locutionum,
889 3559 1006 3624 eodem
1020 3582 1151 3643 prorsus
1163 3566 1287 3644 ordine,
1306 3571 1401 3654 repe-
1421 3597 1427 3608 ·⁴

319 3653 497 3736 riesapud
513 3652 688 3732 Nostrum,
705 3672 759 3718 rrr.
783 3664 887 3722 etrv,
910 3663 966 3745 qui
992 3669 1099 3726 tamen
1122 3672 1156 3729 et
1178 3668 1244 3731 alia
1267 3671 1425 3734 minoris‘

318 3757 421 3839 paulo
443 3755 609 3831 momenti,
625 3775 666 3818 ac
688 3757 796 3820 minus
822 3759 1003 3838 Historiam
1018 3765 1164 3828 ‘subinde
1184 3770 1343 3850 aspergit,
1372 3779 1403 3834 et

318 3857 389 3921 baeo
406 3857 480 3938 ipsa
494 3855 689 3938 plerumque
703 3858 850 3938 pluribus
871 3862 1043 3944 aliquanto
1059 3867 1168 3929 verbis
1191 3871 1400 3952 exsequitur:
1422 3893 1426 3906 ·

320 3963 355 4016 et
370 3956 460 4037 apud
472 3956 634 4020 Malelam
650 3959 684 4020 in
700 3959 820 4023 Teucri
834 3961 1022 4027 Telamonii
1034 3968 1223 4030 narratione
1237 3987 1343 4032 rernm
1358 3973 1406 4035 ab·
1421 4007 1425 4012 ·

318 4051 451 4117 Achille
474 4058 689 4138 potissimum
716 4069 882 4140 gestarum
908 4064 961 4127 ad'
975 4063 1135 4147 Pyrrhum
1164 4067 1263 4149 hujus
1286 4069 1404 4149 filium,
