3036 4918
315 325 362 394 dt
579 337 661 388 rac.
683 335 877 386 rauracius
903 331 1150 386 munerario

316 497 388 556 tan
402 494 484 566 erat,
497 487 540 554 ad
565 506 671 556 nares
692 487 849 556 veninnt'
892 487 978 556 Vide
999 482 1109 556 ethic
1129 485 1408 552 Sancthtinerr.

318 605 359 656 ιι.
372 589 405 654 9.
419 593 454 654 et
466 608 544 673 qnae
556 607 620 672 epo
634 588 736 655 isthic
750 588 875 656 nutavi.

360 707 410 758 vr.
423 691 458 758 θ.
477 691 705 777 ‘Huiusmodi
717 690 854 756 numine
865 689 1035 768 arnatna’
1047 691 1185 765 hucest,
1200 687 1259 754 ille
1273 690 1411 754 emente

316 791 529 858 confirmatus
538 791 583 858 ad
597 789 782 856 audendum
797 791 935 874 aliquid.
979 791 1038 856 Sic
1052 789 1150 856 cern·
1160 787 1250 874 Nep.
1265 789 1299 854 in
1314 789 1413 857 Han·

316 893 388 960 nih.
401 893 458 960 lu.
481 897 492 928 ‘
506 891 626 974 Neque
648 891 740 956 alind
755 891 935 974 quicquam
950 891 1032 974 egit,
1047 907 1150 972 quarn
1173 907 1283 970 regern
1300 907 1412 954 arma-
1507 926 1510 935 ·

316 995 366 1060 rit
386 999 421 1060 et
440 993 602 1058 excitarit
622 991 787 1058 adversus
809 991 1009 1058 Romanos:
1052 991 1126 1058 Cic.
1147 991 1242 1058 Fam.
1266 1006 1340 1056 xri.
1356 992 1414 1056 23.

317 1093 561 1178 ‘Philosophia
586 1111 640 1158 me
661 1097 779 1158 cenba
797 1111 917 1159 omnes
944 1093 1085 1158 fortunae
1106 1093 1252 1177 impetus
1281 1091 1413 1158 armat.'

318 1195 405 1261 Piis.
421 1195 548 1277 Paneg.
570 1194 624 1258 12.
647 1197 658 1228 ‘
675 1193 771 1260 Ferre
786 1199 900 1277 gentes
920 1213 989 1260 nnn
1003 1193 1080 1260 telis
1098 1193 1218 1278 magis,
1234 1211 1337 1275 qnam
1350 1212 1412 1258 sne
1510 1205 1511 1208 ’

316 1295 418 1374 coeic,
440 1295 647 1372 subsidere,
669 1293 854 1360 armantur!
897 1294 1028 1380 Salpic.
1049 1295 1127 1362 Ser.
1145 1311 1185 1358 ιι.
1206 1295 1240 1358 2.
1264 1295 1300 1360 in
1322 1301 1411 1360 extr.

316 1397 378 1460 ‘Si
406 1395 575 1462 hominem
604 1415 716 1462 acrem
746 1396 952 1462 sacerdotali
978 1397 1177 1462 anctoritate
1207 1393 1413 1460 armassent?

317 1493 409 1560 Satis
438 1515 483 1562 ex
504 1497 568 1568 bis.
589 1497 625 1562 ni
645 1496 752 1576 salter,
773 1505 875 1584 patet,
895 1497 983 1566 maie
1004 1497 1223 1580 vindinginm
1249 1496 1412 1562 maluisse

314 1594 532 1664 ‘animatae'
622 1626 628 1638 ·

360 1713 442 1764 xer.
458 1699 527 1768 Sed
540 1698 655 1767 desino
670 1702 783 1786 ptura,
794 1721 869 1768 cnm
883 1700 1051 1786 pleraeque
1064 1701 1186 1766 breves
1200 1700 1267 1766 111ae
1282 1670 1413 1766 notulae
1510 1743 1512 1750 ,

315 1797 503 1883 vindingii,
518 1823 594 1889 quae
617 1808 745 1868 tantum
765 1803 832 1886 legi
848 1803 955 1882 aliter,
969 1809 1030 1870 aut
1040 1802 1116 1868 tolli
1135 1802 1290 1877 reculam
1304 1821 1415 1882 quan-

316 1899 405 1977 dam,
415 1902 547 1985 jubent,
562 1905 655 1972 nulla
668 1905 813 1970 nitantur
825 1903 944 1970 idonea
952 1905 1037 1970 satis
1050 1903 1188 1982 ratium,
1202 1923 1298 1986 saepe
1309 1904 1413 1970 etiam
1510 1963 1511 1974 ,

315 1999 497 2080 declarent,
513 2025 579 2070 non
596 2005 681 2071 satis
695 2005 905 2070 intellexisse
918 2025 996 2072 eum
1018 2005 1162 2071 aucturis
1177 2004 1232 2068 sni
1257 2012 1415 2079 mentem,

314 2101 428 2168 verbis
454 2103 538 2169 nihil
559 2106 635 2170 vitii
659 2105 857 2172 habentibus
880 2125 1088 2191 expressam.
1130 2107 1188 2172 Sic
1205 2122 1248 2171 11.
1269 2105 1325 2170 22.
1347 2109 1417 2170 ‘an
1508 2171 1509 2202 Ξ

320 2222 384 2268 vos
414 2204 480 2270 scii
502 2207 671 2290 ignoretis,
693 2212 733 2272 ut
760 2207 890 2274 affectae
918 2209 985 2272 sint
1015 2207 1134 2271 viciare
1162 2213 1264 2287 atque
1292 2207 1414 2272 amicae
1508 2205 1509 2242 '

314 2305 414 2368 rabis
444 2307 611 2381 civitates,
641 2308 697 2368 vei
727 2324 804 2385 quae
831 2305 867 2368 in
892 2303 966 2366 dies
987 2304 1131 2370 residuis
1157 2307 1417 2391 praeparentur?

314 2401 445 2464 Sensus
459 2407 511 2463 est
532 2403 753 2464 clarissimus.
797 2401 957 2465 Nondum
979 2405 1068 2468 enim
1090 2425 1208 2468 omnes
1230 2416 1324 2472 erant
1339 2429 1419 2476 vas·
1511 2455 1512 2462 ι

315 2506 410 2578 tatae,
422 2499 579 2585 quadan
592 2507 684 2566 erant
705 2498 896 2577 ‘residuae'
919 2501 979 2566 sed
996 2502 1117 2586 quihus
1129 2503 1248 2566 eadem
1265 2512 1421 2576 vastatio
1511 2569 1512 2572 ,

316 2601 524 2668 inminebat.
569 2603 633 2668 llis
648 2609 761 2668 tamen
773 2601 951 2686 legendnm
966 2613 1082 2668 censet
1095 2604 1290 2669 ‘residuos’

359 2721 408 2768 ιι.
424 2703 478 2770 39.
501 2703 610 2770 ‘Dein
639 2704 733 2788 signo
759 2703 840 2770 dato
870 2703 1055 2771 conflixere
1085 2706 1175 2770 acies
1202 2713 1415 2790 compositae,

319 2807 452 2870 Grecis
467 2824 509 2868 ae
524 2807 664 2884 singulis
686 2827 746 2887 per
767 2806 1045 2885 distributionem,
1059 2807 1199 2890 imperia
1214 2807 1337 2874 dacum
1351 2833 1416 2876 ex-

317 2901 559 2984 sequentibus:
604 2903 658 2968 Ita
672 2904 746 2968 haec
761 2904 1008 2984 distinguenda,
1022 2915 1057 2973 et
1077 2909 1126 2972 ita
1140 2909 1223 2974 nihil
1243 2911 1297 2976 hic
1312 2912 1415 2979 haesi·

317 3001 457 3065 tationis
489 2999 650 3086 superest.
692 3003 754 3070 Ille
782 3010 892 3070 tamen
913 3005 980 3089 tegi
1001 3008 1075 3072 vult
1094 3008 1327 3077 ‘Graecei-nm·
1342 3018 1413 3080 sin·

265 3119 271 3138 ¹
320 3100 434 3185 gulis?

359 3221 413 3268 ιι.
433 3205 465 3270 1.
488 3205 615 3285 ‘Qneis
637 3210 746 3276 animo
772 3212 820 3276 ita
847 3211 1000 3292 haeserat,
1014 3215 1107 3280 nulia
1131 3233 1191 3299 spe
1215 3216 1411 3300 impetrandi

320 3305 509 3382 cadaveris,
538 3308 715 3392 ipsumque
739 3313 921 3392 Priamum,
937 3325 972 3379 et
1001 3318 1160 3398 quicum
1186 3337 1226 3381 ec
1258 3319 1413 3398 scissent,

318 3404 492 3470 retineri-a
507 3405 660 3473 Graecis.'
703 3410 769 3476 Ille
798 3433 889 3491 vern,
910 3413 1035 3500 '‘iege''
1058 3421 1117 3496 aii,
1144 3416 1275 3497 ‘Queia
1301 3423 1411 3487 anime

317 3505 497 3572 inhaeserat
517 3508 609 3572 nulla
634 3529 712 3593 spes
737 3513 957 3602 impetrandi}
975 3501 1049 3582 tire.¹
1080 3520 1188 3584 Immo
1217 3525 1297 3603 quia
1319 3525 1411 3588 nulla

318 3608 404 3692 ipsis
426 3613 496 3675 erat
518 3626 597 3691 spes
622 3611 827 3695 impetrandi
857 3615 1045 3695 cadaveris,
1060 3619 1138 3686 ideo
1162 3624 1271 3688 animo
1294 3645 1411 3690 comm

318 3711 472 3785 haeserat,
487 3703 658 3776 Priamum
673 3715 803 3780 retineri
816 3735 837 3782 a
851 3716 991 3785 Grecis.
1036 3721 1126 3788 Nam
1140 3723 1231 3806 qued
1245 3727 1294 3790 ait
1308 3730 1411 3808 gerni«

320 3817 401 3876 nata
416 3812 545 3895 copula,
567 3813 768 3898 ‘ipsumque
791 3823 824 3883 et
845 3819 903 3900 qui
926 3841 1003 3886 cum
1025 3842 1066 3887 eo
1088 3823 1411 3900 fuissent,’Graecie·

321 3929 396 3976 mus
413 3922 466 3977 es't
481 3915 606 3980 auctori
621 3924 736 3982 nostre
747 3917 910 4002 frequens.
952 3921 1043 3988 Vide
1057 3928 1190 4014 snpra§
1207 3927 1257 3992 la.

362 4028 416 4075 av.
432 4014 485 4080 14.
508 4015 615 4081 ‘Cum
637 4020 770 4084 insidiis
787 4027 916 4092 tantum
939 4026 1121 4108 perfecerit,
1135 4035 1289 4111 quantum
1310 4047 1351 4092 ne
1374 4033 1410 4096 in

187 4162 189 4167 s
322 4111 499 4178 certamine
530 4118 668 4184 auderet
698 4119 856 4200 quidem?
900 4123 982 4190 Vult
1009 4127 1131 4208 dicere,
1160 4131 1194 4192 in
1230 4129 1408 4200 certamine
