3044 4896
408 306 465 378 nn*
480 332 597 400 senno
620 333 790 382 unornuo
818 337 888 385 ern.
914 337 948 384 u.
1151 325 1216 390 253

122 469 222 534 mium
254 469 464 550 persolutum
487 477 550 548 est,
567 473 689 555 jubent
717 475 848 539 nostri·
876 496 1029 560 peragere
1051 479 1212 564 incoepta.

126 569 607 650 Itaquedestructamororum
624 578 822 653 patiacum
839 575 919 657 joco
941 578 1147 662 lasciviaque
1166 582 1215 644 in·

125 668 250 732 duxere
277 687 410 752 equum,
430 669 577 732 foeminis
597 670 681 734 inter
701 681 765 735 se'
788 681 890 756 atque
906 677 984 740 viris
1000 681 1149 744 certatim
1163 686 1214 744 ai·

126 769 253 834 trahere
268 761 508 834 festinantibus.
531 768 611 853 [la]
628 771 761 836 Interim
774 773 899 852 Graeci3
911 777 968 840 ubi
985 786 1106 844 cuncta
1120 782 1215 844 navi·

123 869 186 932 bus
207 870 369 954 imposita
389 877 478 947 sunt,
501 871 641 935 incensis
663 875 1078 941 omniomtabernaculis¹
1100 879 1143 943 ad
1163 880 1215 945 Si·

124 989 232 1051 gaeum
254 971 442 1047 secedont,¹
465 971 577 1053 ibique
599 977 729 1035 noctem
751 975 989 1056 opperiuntur:
1011 977 1109 1040 t'essis
1123 986 1126 994 '
1139 978 1214 1043 dein

124 1070 231 1134 multo
246 1071 348 1135 vino*
369 1075 471 1154 atque*
486 1091 602 1136 somno
624 1073 787 1150 barbaris,
800 1093 876 1156 quae
892 1084 1059 1158 utraque·
1080 1097 1140 1161 per
1156 1079 1215 1144 lae-

123 1171 229 1234 titiam
252 1172 529 1254 securitatemque
550 1171 646 1253 pacis
669 1172 922 1252 intervenerant,
939 1177 1045 1241 multo
1060 1177 1215 1242 silentiub

124 1271 166 1335 ad
183 1272 354 1340 civitatem
380 1273 550 1352 navigant,
573 1280 745 1336 servantes
772 1274 901 1354 siguum
923 1277 1013 1358 quod
1035 1279 1104 1358 igni
1126 1279 1214 1343 eluto

126 1371 257 1447 Sinon‚‘
280 1372 323 1436 ud
351 1391 424 1436 eam
452 1391 521 1436 rem
550 1374 635 1436 olam
667 1374 808 1454 positus,
839 1375 1038 1440 sustulerat:
1068 1375 1219 1458 moxque

123 1491 238 1537 omnes
260 1480 439 1556 postquam
461 1475 622 1537 intravere
645 1473 779 1549 moenia,
796 1474 914 1538 divisis
936 1475 1022 1539 inter
1044 1494 1079 1537 se
1099 1475 1214 1540 civita·

125 1573 168 1635 tis
190 1573 288 1650 locis,
310 1574 366 1638 ubi
389 1575 516 1656 signum
542 1573 654 1638 datum
677 1571 890 1656 agnovere&
914 1575 1040 1662 cadere
1055 1585 1214 1656 eosquos

123 1671 191 1736 sors
212 1674 391 1756 objecerat,
413 1681 513 1759 atque
535 1676 731 1740 obtruncare
754 1677 877 1757 passim
900 1695 959 1758 per
981 1676 1101 1740 domos
1116 1682 1214 1758 atque

123 1774 211 1850 vias,
224 1773 300 1838 loce
314 1783 428 1839 saora‘
449 1774 665 1859 profanaque,
682 1780 715 1838 et
727 1775 756 1843 si
769 1775 830 1855 'qui
848 1783 1088 1858 persenserant,
1104 1775 1212 1856 prins-

579 1934 620 1956 ou
623 1935 635 1955 θ
638 1933 726 1955 mue
730 1935 758 1956 Ν

154 2017 170 2047 ⁶
187 2018 281 2084 Delpb.
292 2019 433 2074 nustria-r
450 2019 546 2083 Delpb.
558 2019 640 2068 datam
650 2022 696 2079 est,
706 2031 792 2078 magno
802 2015 827 2066 ri
838 2031 858 2066 e.
935 2066 942 2081 .

614 2145 720 2196 NO'l'AE

164 2235 180 2260 '
206 2227 266 2276 Gran
292 2226 347 2287 joco
373 2228 513 2292 iascirisqrre
538 2228 653 2276 inducere
691 2225 886 2288 amicarileutia
899 2223 994 2274 Luna!

123 2303 438 2367 eqssmsoemiairirrterse]
449 2304 568 2353 ‘Circum
577 2303 650 2366 pueri
722 2308 733 2334 ⁰
752 2303 820 2358 Quod
834 2302 886 2362 igni
901 2303 962 2349 elato
974 2298 1061 2361 Sinon]
1086 2298 1126 2348 De
1141 2297 1214 2362 siguo

128 2379 294 2443 innuptaque
323 2380 416 2443 puelia
444 2381 522 2428 Sacra
543 2385 649 2436 canunt,
690 2375 967 2427 aSinorreclatonibil
985 2375 1053 2438 apud
1070 2375 1215 2424 aliesiuve·

123 2453 261 2518 funemque
273 2469 347 2503 maun
357 2455 508 2517 contingere
518 2451 648 2516 gaudent)
688 2453 723 2502 ni.
751 2453 844 2516 virgil.
864 2460 963 2502 tantum
984 2451 1029 2509 ait,
1048 2451 1126 2501 duces
1146 2465 1214 2518 equo

153 2535 166 2560 ¹
184 2529 647 2591 1amsaomaiamtataaaeuiaJNo·
687 2526 806 2590 delapsos
826 2527 913 2575 statim
934 2534 1020 2589 portas
1039 2525 1170 2588 pendisse,
1186 2531 1215 2573 et

123 2611 163 2652 tus
180 2605 281 2653 militia
297 2620 361 2666 mur,
375 2604 513 2653 incendere
528 2604 648 2653 taberna·
688 2601 725 2650 ita
737 2603 817 2650 socios
829 2601 972 2662 accepisse:
983 2600 1140 2648 ‘ceduntur
1152 2597 1216 2661 rigi·

123 2679 181 2728 errln
192 2678 349 2726 discessurus
361 2679 462 2725 milites.
474 2677 550 2726 Hom.
560 2676 613 2726 Od.
621 2682 649 2724 0.
688 2676 735 2734 les,
755 2674 886 2736 portisque
901 2672 1050 2734 patentibus
1066 2669 1153 2718 omnes
1165 2667 1220 2719 ne·-

121 2751 210 2802 Βάκις
220 2749 355 2807 datantes,
362 2751 407 2812 arip
417 2749 552 2814 ὲνκλισίῃσι
562 2749 649 2804 naaria·
689 2747 789 2808 cipiunt
800 2746 892 2808 socios,
910 2753 989 2808 atque
1000 2744 1102 2807 agmins
1113 2744 1216 2792 conseia

122 2843 172 2873 τες.
189 2823 307 2871 'Euntes'
316 2823 482 2886 navigabant,
495 2823 554 2886 igne
566 2823 650 2872 taber·
685 2819 817 2884 jungunt?
839 2819 891 2869 Sed
904 2819 952 2868 hoc
965 2833 996 2867 ex
1008 2817 1117 2882 Virgilio
1129 2824 1215 2866 tamen

123 2897 350 2960 nacnlisinjeeto.’
636 2913 638 2920 s
690 2896 834 2946 immutarit
862 2897 960 2960 Dictys.
996 2895 1120 2957 Virgilius
1147 2895 1214 2943 enim

155 2971 223 3022 idd
242 2971 347 3034 Sigeum
363 2972 486 3037 vesamum]
514 2973 586 3038 Virg.
613 2973 650 3023 sit
689 2971 776 3021 scribit
796 2985 846 3021 non
868 2971 990 3021 Sinonem
1012 2969 1088 3019 classi
1115 2968 1215 3030 siguum

123 3051 230 3100 Graecus
246 3063 274 3098 se
292 3055 352 3112 post
368 3051 472 3100 Tenedo
490 3050 649 3100 condidisse:
689 3046 800 3103 dedisse,
812 3045 863 3094 'sed
882 3050 970 3095 contra
990 3045 1096 3092 classem
1118 3040 1218 3104 Sinoni,

125 3125 201 3186 ‘an
217 3138 246 3174 se
266 3125 382 3188 provecti
400 3125 498 3174 diserto
517 3125 543 3172 in
561 3124 649 3174 littore
690 3128 719 3170 nt
730 3135 782 3170 rem
794 3126 932 3182 perageret
945 3125 972 3166 et
986 3117 1096 3166 claustra
1107 3115 1214 3164 laxaret.

124 3199 256 3250 condunt!
286 3199 449 3249 AtTenedos
460 3198 561 3260 ssigeo
572 3198 651 3246 dista·
691 3195 835 3242 ‘Flammas
846 3207 903 3241 eum
915 3190 987 3254 regia
1003 3190 1096 3252 puppis
1109 3187 1215 3237 Extule·

126 3275 170 3324 bat
190 3256 276 3325 nstv.
296 3274 362 3323 stad.
395 3271 561 3334 Paloepbstus
579 3284 651 3331 reru,
691 3275 741 3328 rat,
752 3264 862 3329 fatisque
875 3265 958 3312 Deum
975 3261 1096 3310 defensus
1109 3263 1211 3325 iniquis,

126 3350 238 3412 quentin
257 3349 317 3412 equi
335 3347 443 3396 bisturis
460 3346 531 3410 sequi
548 3343 651 3395 videtur
690 3341 805 3390 inclusos
818 3345 892 3388 utero
910 3337 1012 3387 Danaos
1029 3343 1056 3386 et
1073 3337 1150 3400 pinea
1161 3337 1214 3386 inr-

127 3427 230 3488 Dictys,
241 3425 331 3474 scribit
348 3425 455 3474 Gnaeos
474 3436 503 3471 se
520 3420 650 3472 abdidisse
690 3418 736 3467 tim
749 3417 832 3466 Laxat
842 3414 955 3464 claustra
966 3411 1063 3463 sinon:
1094 3412 1215 3474 Virgilius

124 3503 149 3549 in
163 3515 226 3549 esso
237 3499 346 3563 quedam
354 3500 422 3561 luco,
437 3499 480 3562 qui
489 3498 560 3546 locus
571 3499 648 3548 etism
690 3494 792 3558 quidem
804 3491 897 3542 alieubi
909 3492 1008 3554 siguum
1016 3489 1116 3540 Graecis
1126 3489 1215 3552 datum

126 3579 180 3623 tum
194 3574 339 3629 vorabatur,
356 3572 466 3638 Ἀργείων
481 3572 564 3637 λόχοι,
581 3573 648 3626 ‘Ars
689 3568 780 3618 scribit
807 3568 841 3616 ab
869 3566 979 3627 Helena,
1000 3579 1051 3615 non
1072 3578 1088 3612 a
1109 3564 1214 3612 Sinone.

125 3649 241 3711 givorurn
252 3646 369 3695 insidia!
689 3644 841 3699 ‘Flammam
850 3641 934 3690 medis
942 3640 999 3704 ipss
1006 3637 1114 3688 tenebat
1122 3637 1217 3700 ingen·

158 3733 169 3756 ²
184 3721 327 3771 Fessisdes's
336 3723 408 3771 mallo
418 3721 482 3784 eine]
498 3723 573 3784 Virg.
589 3722 649 3771 ‘ln-
690 3725 753 3777 tem,
765 3725 791 3765 et
803 3729 901 3764 summa
914 3715 1015 3762 Danaos
1026 3726 1058 3760 ex
1071 3725 1130 3760 ares
1142 3712 1214 3760 suea'·

125 3797 224 3849 vadunt
242 3794 330 3844 urbem
345 3808 433 3844 somno
444 3795 554 3859 vinoque
565 3795 650 3858 sepui-
691 3789 753 3840 bat!
787 3791 843 3838 Etsi
854 3788 916 3836 iilnd
929 3787 1012 3850 accipi
1023 3785 1099 3835 aliter
1113 3786 1200 3848 possit.

125 3871 194 3923 ιω]
721 3863 846 3926 “Signum
856 3861 949 3925 dotum]
967 3860 1214 3910 Certederidiculus

157 3947 247 4003 *Qua
264 3940 374 4006 atroque]
401 3941 503 4004 Nempe
520 3941 605 3991 vinnm
623 3949 652 3992 et
689 3947 729 3990 est
741 3939 844 4002 Dictys,
857 3939 900 4002 qni
916 3937 943 3986 ia
960 3951 989 3985 ea
1005 3936 1176 4000 trepidatione
1187 3943 1216 3986 et

127 4034 236 4071 somnus.
305 4004 310 4018 ⁹
690 4023 778 4078 strage
797 4014 895 4077 siguum
914 4017 1078 4077 expectatum
1097 4011 1214 4063 eredide-

160 4092 381 4158 ilrirrltuas’ieatr'o]
399 4091 651 4142 Videtrrruboculos
691 4091 734 4141 rit.
1175 4106 1177 4114 ·

125 4169 241 4222 babuisse
263 4169 326 4220 iilud
345 4167 438 4232 virgil.
465 4167 580 4217 ‘Tacita
604 4181 651 4231 per
695 4181 697 4186 ·
724 4165 845 4215 ePuerim
861 4177 904 4227 per
917 4164 996 4214 domos
1009 4167 1078 4228 atque
1093 4163 1213 4220 virales«
