3044 4896
381 333 435 402 ,nn
458 332 579 380 nunno
602 333 774 382 uaotnno
799 337 871 390 utu.
894 336 943 382 rv.
1100 355 1103 360 -
1136 323 1199 389 287

101 473 353 548 Bucolicum,r
374 478 478 555 atque
493 473 666 538 Priamum
680 475 834 556 genitos:
857 494 1088 560 rursusqueex
1099 476 1199 544 Cleo·

103 584 224 641 mestra
236 582 269 638 et
280 576 422 659 AEsyete
434 573 468 614 ⁸⁶
483 595 521 639 se
535 577 693 657 genitum.
731 575 883 641 Ceterum
899 577 1083 658 Priamum,
1097 598 1198 644 cuno·

104 683 136 739 ta
152 677 230 758 jura
254 675 425 741 affinitatis
446 677 705 758 proculcantem,
722 678 827 758 magis
849 678 883 739 iu
906 697 987 742 snos
1008 680 1197 761 superbiam

104 783 207 861 atque
232 774 346 839 odium
366 776 569 840 exercuisse.
613 775 801 858 Postquam
815 775 915 840 finem
929 778 1090 860 loquendi
1103 779 1197 856 fecit,

103 877 254 960 postulat
269 877 318 940 uti
333 877 491 958 qucrriam
506 895 528 940 a
542 877 675 940 senibus
690 878 819 958 legatus
837 880 934 960 pacis
955 881 1080 942 missus
1095 887 1199 956 esset,

105 977 266 1042 darentex
277 995 477 1041 snonnmero
486 996 561 1041 cum
572 979 649 1060 quis
658 997 760 1061 super
769 980 828 1043 tali
840 981 971 1062 negotio
980 981 1197 1063 disceptaret:

103 1076 733 1161 electtqnellgamemnon,Idomeneus,
742 1080 884 1164 Ulyssas
894 1087 994 1166 atque
1004 1081 1199 1156 Diomedes,

106 1181 297 1263 qniseoreto
306 1181 350 1243 ab
360 1180 436 1243 aliis
448 1181 890 1263 proditiouemcompouunt.
898 1177 1199 1265 'Praetereaplnoet

104 1284 151 1346 nti
162 1282 297 1360 AEneae,
313 1282 344 1344 si
358 1299 554 1362 permanere
569 1281 602 1344 in
613 1280 679 1344 fide
688 1281 798 1357 vallet,
806 1301 886 1363 pars
897 1282 1021 1363 praedae
1032 1290 1067 1345 et
1081 1282 1198 1346 domus

105 1383 348 1466 universaejus
363 1382 538 1446 incolumis
558 1387 715 1444 maneret.
755 1379 831 1462 Ipsi
847 1389 957 1444 autem
972 1377 1135 1444 Antenori
1150 1382 1201 1444 di-

105 1484 242 1548 midium
254 1485 412 1548 bonorum
424 1483 562 1558 Priami,
574 1499 774 1563 regnumque
784 1482 843 1544 nni
852 1481 993 1545 filiorum
1004 1481 1088 1563 eJ'us,
1100 1500 1201 1564 quem

107 1587 271 1667 elegisset,
287 1583 531 1648 concederetur.
554 1580 623 1646 Ubi
640 1581 724 1644 satis
739 1588 916 1646 tractatum
928 1583 1037 1646 visum
1053 1589 1118 1658 est,
1131 1579 1201 1644 Au·-

105 1694 196 1751 tenor
219 1685 262 1749 ad
284 1686 453 1748 civitatem
477 1684 664 1760 dimittitur,
687 1682 828 1746 referens
850 1683 893 1748 ad
914 1701 995 1745 suos
1009 1683 1201 1764 composita

105 1789 189 1850 iuter
200 1806 236 1850 se
251 1788 347 1867 longe
363 1786 439 1849 alia.
484 1785 524 1849 In
538 1785 614 1867 quis
629 1783 752 1845 donum
768 1782 931 1846 Minervae
945 1782 1054 1864 parari
1070 1800 1091 1845 a
1105 1781 1200 1847 Grae-

107 1887 168 1962 cie,
182 1906 305 1969 eosque
327 1905 402 1950 cum
427 1885 531 1966 matie
550 1901 669 1965 cupere
691 1889 828 1964 recepta
844 1879 978 1945 Helena
992 1887 1199 1963 acceptoque

107 2005 186 2050 auro
205 1987 329 2050 bellum
351 1987 514 2062 omittere,
537 1991 636 2066 atquc
651 1982 693 2046 ad
711 2001 788 2046 suos
803 1981 940 2063 regredi.
984 1981 1042 2046 Ita
1065 2000 1201 2063 compo·

107 2089 170 2151 sito
186 2090 337 2168 negotio,
348 2087 510 2165 Antenor,
521 2085 645 2150 tradito
662 2085 726 2148 sibi
741 2081 938 2166 Talthybio,
953 2103 1018 2166 quo
1036 2101 1088 2147 res
1103 2081 1199 2146 fidem

108 2189 284 2273 acciperet,
299 2188 341 2253 ad
353 2189 488 2271 Trojam
504 2186 604 2250 venit.

139 2406 155 2450 6
171 2401 249 2463 Vulg.
263 2400 341 2449 Soete.

597 2559 706 2610 NOTAE

108 2675 302 2722 commemorat.
330 2669 405 2717 Hom.
418 2669 451 2716 Il.
462 2673 488 2716 r.
505 2668 535 2716 Ol
545 2668 565 2716 δ’
577 2669 636 2728 huoi
675 2669 757 2716 lodor.

106 2745 258 2812 uptamurd
268 2743 379 2799 Πάνθοον,
387 2743 428 2799 ἠδὲ
438 2742 563 2802 Θυμοίτην,
573 2742 636 2802 Arip-
708 2748 717 2772 ¹
733 2743 775 2788 Ex
793 2740 936 2788 Cleomealru
952 2742 975 2784 et
990 2736 1099 2799 AEuyete]
1117 2737 1200 2786 Locus

106 2843 154 2873 πον
164 2840 203 2884 τε,
216 2818 317 2868 Κλίνηόν
327 2819 355 2880 θ’,
366 2816 485 2866 Ἱκετάονά
494 2818 525 2879 τ’,
534 2815 637 2879 ὄζονἈ-
677 2815 811 2877 singularis
831 2813 864 2860 de
883 2825 978 2874 genere
990 2810 1140 2873 Antenoris,
1156 2811 1201 2874 qui

107 2915 174 2960 ρηος.
192 2891 637 2955 ⁴Priumur,etPantlronr‚etTlrn·
677 2890 715 2940 rie
741 2887 921 2937 Laomedonti·
948 2885 1114 2936 consobrinus
1139 2885 1200 2937 fnit.

109 2973 213 3033 molles,
227 2971 397 3034 Lampurque,
408 2968 569 3032 Clytiurqne,
587 2967 635 3016 lli·
677 2967 743 3014 Sane
755 2971 856 3012 veteres
867 2963 989 3027 lllryeten
1001 2961 1139 3012 Antenoris
1159 2977 1203 3024 pn·

110 3042 477 3111 cetaonqne,tanrusMnrtir.'
499 3042 637 3106 Apollodo·
676 3046 741 3091 trem
751 3047 901 3089 memorant
921 3036 1082 3087 Bastarnae
1095 3036 1156 3084 illud
1169 3036 1202 3085 ll.

111 3141 154 3174 rur
186 3126 311 3172 memorat
330 3121 476 3180 Tithonum,
504 3120 638 3182 Lumpum,
675 3123 703 3165 B.
733 3114 818 3175 Τύμβφ
836 3115 871 3162 ἐι)
889 3111 1010 3174 ὼφπάτφ
1026 3109 1143 3166 Αἰσυήταο
1162 3111 1202 3169 γέ·

113 3203 227 3264 clytum,
247 3197 429 3255 chetaonem,
448 3195 587 3257 Priamum,
610 3203 638 3244 et
676 3203 766 3255 ponor·
798 3187 935 3251 Ἀντήνορός
949 3184 1145 3248 φοοιποτὴρκαὶ
1156 3185 1202 3233 od-

113 3274 306 3325 Buucolioneur.
677 3263 830 3325 οιλίνγοηος.
855 3266 864 3292 ‘
882 3261 1001 3324 sepulcri
1023 3261 1050 3308 in
1068 3260 1201 3310 cacumine

139 3347 318 3411 ’Μυκη
327 3347 471 3396 Homerus:
481 3342 639 3394 Βουκολίυνδ·
676 3341 788 3405 AEnyetae
799 3337 893 3388 reuirr'
912 3336 1068 3386 ‘Antenoris
1080 3335 1146 3386 dicit
1158 3349 1200 3400 pa.

113 3425 142 3484 ἣν
160 3426 207 3474 vitu
222 3424 311 3486 ὰγοοοϋ
325 3421 491 3484 Λαομέδοντος,
502 3419 638 3484 liprandu-
675 3423 717 3468 ter
729 3423 756 3466 et
767 3413 954 3478 Ucalegontir.'

112 3517 153 3549 τος
170 3501 252 3562 γενεῇ,
267 3498 361 3548 σκότιον
376 3501 397 3547 δ’
412 3497 534 3560 ἐγείνατο
552 3495 638 3558 μύηηρ.
706 3495 715 3528 t
735 3493 831 3542 Donum
846 3491 964 3540 Minerva
979 3487 1073 3552 purum]
1097 3485 1200 3550 Equum

112 3576 273 3625 ‘Boucolion
292 3583 377 3624 autem
396 3582 453 3624 erat
467 3573 535 3623 filius
547 3573 638 3636 inclyti
675 3570 784 3620 militet.
816 3566 889 3630 Virg.
900 3580 932 3615 11.
949 3565 1006 3614 AEn.
1023 3565 1136 3611 ‘Votum
1153 3575 1200 3625 pro

113 3648 304 3704 Laomedontia,
325 3649 454 3698 Maximus
482 3656 560 3709 uutn3
584 3645 637 3696 fur·
676 3644 762 3694 reditu
780 3640 915 3692 simulant!
949 3641 993 3701 Et,
1010 3640 1094 3686 ‘Pura
1110 3643 1200 3698 ntnpet

113 3727 213 3788 timque
226 3737 283 3771 eum
295 3721 377 3771 edidit
387 3725 486 3773 mater?
511 3724 574 3787 Ejus
585 3738 637 3772 ma·
675 3721 790 3783 innupta
802 3717 896 3768 donum
909 3714 1011 3765 exitirle
1021 3709 1164 3761 Minerva!

114 3810 180 3852 trem
190 3797 323 3864 chalyben
335 3798 470 3861 nympham
484 3799 547 3849 dicit
559 3797 636 3862 Apol·
