3052 4900
370 316 419 364 un
442 317 561 365 nunno
583 317 754 368 rsorsuo
777 319 850 368 urs.
872 321 922 368 vr.
973 279 977 286 ⁴
1122 305 1187 374 aet

98 459 289 528 Corinthum
305 457 458 540 agebat?
475 459 584 524 tradit.
626 459 679 524 Eo
695 460 877 526 Diomedes
891 461 1050 544 expulsus
1061 473 1187 546 regno:

99 571 135 628 et
163 561 316 625 Teuoar⁰
337 559 521 640 prohibitus
542 559 718 625 Salamina
742 580 763 625 a
789 560 979 639 Telamone,
1007 563 1097 645 qnod
1120 563 1187 630 ira·

18 739 19 748 ἵ
101 669 183 728 bem
212 659 346 726 insidiis
369 660 629 726 circumventum
652 677 719 726 non
740 661 956 740 defendisset,
978 664 1186 731 conveniunt.

101 761 236 828 luterim
253 760 472 826 Mnestheusp
494 781 570 826 enm
585 763 704 828 AEthra
725 769 759 828 et
777 761 936 846 Clymene
955 763 1026 828 filia
1046 764 1120 846 ejus
1143 769 1186 830 ab

98 861 365 928 Atheniensibus
379 861 555 945 recipitur:
580 862 800 946 Demophoon
820 868 918 946 atque
934 861 1119 928 Athamas⁹
1139 865 1187 929 so·
1247 899 1254 908 ·

97 965 144 1029 ris
166 967 310 1024 manent.
354 957 504 1026 Ceterum
534 962 593 1026 uhi
617 962 738 1045 plnres
763 982 891 1039 eorum,
915 965 973 1046 qni
994 958 1186 1042 evaseram

100 1061 190 1146 apud
206 1059 397 1126 Corinthum
410 1060 514 1139 inere,
530 1071 663 1141 cavent,
685 1064 733 1128 uti
751 1063 861 1148 juncti
880 1064 967 1128 iuter
988 1083 1039 1142 se,
1057 1063 1186 1146 singula

100 1163 345 1247 aggrederentur
357 1181 471 1244 regua,
486 1165 639 1248 belloque
655 1166 781 1231 aditam
793 1165 837 1231 ad
849 1185 932 1230 snos
949 1164 1184 1247 patefacerent.

99 1266 182 1330 Eam
196 1284 263 1330 rem
279 1262 313 1328 N
315 1270 406 1329 estor
421 1265 583 1347 prohihet,
597 1267 745 1333 suadens
768 1266 941 1332 tentandos
956 1266 1047 1350 prius
1062 1265 1185 1330 civium

98 1367 245 1430 animos:
268 1383 376 1447 unque
391 1366 673 1445 committendum,
695 1369 745 1432 nti
760 1385 820 1450 per
834 1366 1035 1432 seditionem
1051 1364 1186 1430 Groeoia

18 1473 19 1476 ’
98 1467 203 1530 omnis
224 1465 393 1530 intestinis
414 1465 594 1531 discordiis
617 1475 888 1550 corrumperetur.
930 1466 1051 1550 Neque
1074 1466 1185 1532 multo

97 1577 176 1650 post
187 1567 359 1648 cognoscit
374 1565 557 1632 Diomedes
571 1567 605 1632 iu
621 1568 748 1633 AEtolia
763 1570 807 1633 ab
822 1568 875 1634 his
890 1569 949 1652 qui
963 1587 1023 1650 per
1038 1565 1183 1632 absenti·

98 1665 235 1750 emejus
250 1677 391 1748 regnum
415 1667 631 1747 infestabant,
649 1668 795 1734 OEnonm
809 1673 841 1716 “¹
863 1666 1065 1734 multimodis
1081 1665 1184 1731 afflie-

97 1770 179 1834 tari:
195 1771 240 1833 ob
250 1791 326 1854 qnae
342 1771 508 1854 proiectus
519 1771 563 1836 ad
577 1791 618 1836 ea
633 1771 720 1848 loca,
730 1790 857 1848 omnes,
870 1790 953 1855 quos
966 1777 1121 1834 auctores
1134 1771 1184 1834 in·

92 1870 191 1952 jurise
205 1878 383 1954 repererat,
404 1871 574 1936 interficit:
595 1877 749 1955 metuque
772 1871 926 1936 omnihus
947 1869 1074 1946 eiroum
1096 1867 1183 1932 loeis

95 1969 233 2052 injecto,
257 1970 355 2036 facile
384 1973 428 2037 ab
458 1973 530 2036 suis
555 1978 708 2054 receptus
733 1979 832 2050 est}⁴
856 1969 938 2035 Inde
964 1988 1024 2052 per
1054 1986 1183 2033 omnem

98 2069 267 2136 Graeoianr
282 2073 372 2138 fama
394 2079 476 2149 orta,
499 2091 578 2139 suos
594 2073 739 2155 quisque
764 2085 860 2154 reges
885 2071 1072 2154 accipiuntz
1094 2089 1183 2134 sum·

95 2191 181 2236 mam
193 2173 226 2236 in
239 2171 292 2236 his
307 2173 365 2254 qui
378 2173 469 2256 apud
484 2171 623 2256 Trojam
637 2173 841 2237 bellaverunt
854 2173 1017 2249 virtutem,
1026 2189 1134 2254 neque
1148 2171 1182 2233 iu

95 2273 276 2338 resistendo
293 2274 486 2358 cujusquam
503 2275 590 2338 vires
605 2273 743 2340 idoneas
759 2275 1001 2339 existimantes.
1047 2271 1105 2336 lta
1120 2289 1182 2334 nos

549 2435 726 2457 OOOW

125 2533 151 2614 ll¹
159 2531 256 2596 Delplr.
266 2529 441 2583 Aeburam—l
457 2509 533 2600 Vlrlg.
545 2549 571 2584 eo
583 2537 682 2586 aoniae.

93 2753 137 2786 aas
154 2739 283 2799 perlatum
298 2733 394 2783 fuisse:
420 2735 457 2785 ihi
477 2739 544 2787 enirn
554 2738 619 2788 dicit
658 2732 789 2800 denotem,
809 2754 866 2788 eum
885 2739 1013 2788 Salamine
1030 2733 1124 2799 ejecit;
1138 2735 1182 2800 qui

92 2813 200 2869 Nestor,
216 2811 328 2857 Oresten
344 2807 452 2857 Athenis
470 2814 571 2860 venisse
588 2819 619 2862 nt
657 2829 686 2861 se
697 2813 791 2862 Sidona
806 2815 924 2869 eontulit,
943 2822 970 2863 et
986 2811 1046 2861 inde
1058 2812 1182 2876 Cyprum,

91 2885 237 2951 AEgistlrmn
249 2881 416 2933 interficeret.
448 2885 499 2934 Sed
513 2886 570 2936 ride
581 2887 617 2936 ibi
642 2887 701 2942 ,ubi
714 2902 804 2937 noram
821 2889 950 2938 Salamina
965 2886 1091 2950 condidit,
1108 2886 1180 2951 Virg.

91 2959 211 3012 Easttrtb.
220 2974 249 3022 u.
263 2961 334 3008 1469.
347 2960 389 3024 qai
401 2959 482 3012 refert
493 2963 615 3026 quosdam
656 2973 675 3012 r.
685 2962 742 3012 AEn.
758 2963 862 3029 ‘Atque
870 2966 987 3030 equidem
995 2959 1120 3014 'l'euerrrm
1128 2977 1179 3012 me·

90 3033 614 3102 prolif’rttrrdorseripsisseterimur-im,
654 3039 717 3089 mirri
736 3040 833 3090 Sidona
852 3043 947 3098 venire,
967 3040 1072 3090 Finibus
1090 3039 1181 3100 expul-

91 3110 238 3162 sPhocide.
264 3108 336 3160 Alios
348 3125 418 3173 vero,
430 3113 552 3163 Orestem
565 3117 616 3178 pri·
656 3129 711 3163 snm
730 3115 831 3177 patriis,
851 3128 917 3163 nora
939 3127 1018 3176 regna
1038 3119 1180 3174 petentem,

91 3201 131 3236 mo
143 3188 169 3235 la
182 3185 329 3242 Phocidem,
341 3193 369 3235 et
380 3200 396 3235 a
408 3187 522 3238 Phocide
535 3188 615 3238 Athe·
657 3187 760 3236 Auxilio
771 3187 830 3235 Beli
841 3203 847 3234 ι
860 3187 960 3250 genitor
968 3193 1022 3235 tum
1034 3187 1114 3234 Belus
1125 3187 1180 3248 opi·

92 3274 138 3308 nas
150 3267 309 3324 perrectum,
322 3259 488 3310 intellexisse.
590 3259 592 3264 ’
655 3276 722 3310 mam
733 3260 861 3310 Vastsbat
873 3260 997 3326 Cyprum,
1008 3266 1036 3308 et
1051 3259 1132 3309 vietor
1142 3260 1179 3309 di·

120 3341 141 3368 ¹²
155 3335 276 3383 Idomeneo
288 3333 329 3396 qai
338 3335 400 3397 enred
410 3334 551 3384 Corinthum
559 3349 616 3396 age·
655 3336 724 3386 tione
737 3335 859 3386 tenebat!

91 3408 142 3470 lat]
159 3409 248 3472 Fingit
260 3409 358 3460 Noster
367 3409 541 3465 idomeneum.
554 3412 615 3461 Cre·
686 3421 700 3454 1>
716 3413 816 3463 russum
826 3411 976 3476 Mnestheus]
1001 3411 1042 3463 Ab
1053 3412 1109 3462 aliis
1120 3424 1179 3462 aue·

91 3492 116 3533 ts
134 3486 280 3549 exorabam,
298 3485 443 3550 confugisse
455 3487 617 3560 Corintbnnr,
656 3489 753 3540 toribus
775 3490 891 3540 diversus
912 3489 975 3550 abit,
999 3489 1044 3554 qui
1065 3488 1179 3538 scribunt

90 3559 157 3610 unde
169 3567 261 3621 postea
277 3560 303 3607 in
320 3575 427 3625 regnum
443 3577 515 3614 snum
528 3577 616 3628 recep·-
655 3565 835 3630 Athenienses,
847 3567 951 3630 repulso
961 3565 1109 3628 Mnestheo,
1125 3565 1178 3613 De·

90 3642 128 3684 tn·
141 3641 193 3684 est·
654 3643 803 3704 moplroonti
815 3657 920 3706 regnum
932 3641 1078 3690 tradidisse.

118 3717 131 3744 ¹
149 3709 187 3758 Ee
201 3707 328 3757 Diomedes
337 3712 448 3772 expetens
456 3715 541 3784 repre]
563 3717 616 3766 Ns·
686 3725 699 3758 r
726 3717 841 3778 OEnesm]
867 3716 962 3766 (Ensns
985 3713 1067 3776 Tydei
1094 3717 1178 3776 peter,

91 3787 213 3851 seioqnos
225 3789 344 3833 auctores
354 3783 395 3832 bie
409 3786 505 3837 Noster
513 3797 616 3840 secutus
654 3805 717 3840 aras
728 3791 870 3846 Diomedis,
882 3801 928 3840 rex
943 3787 1082 3852 Calydonis
1097 3788 1124 3836 ln
1136 3787 1177 3836 ΙΕ-

90 3869 139 3923 est,
151 3861 196 3926 qni
208 3860 313 3916 scribat,
323 3859 476 3910 Diomedem
487 3875 616 3924 regnoex·
653 3867 723 3916 tolia.

91 3938 189 3999 pulsum
211 3935 362 3986 Corinthum
386 3934 498 3998 petiisse,
519 3937 563 4000 qui
585 3951 615 3988 re
685 3939 832 3990 ‘Facileab
845 3937 1067 4002 tuismeeotssest]
1090 3938 1179 4003 Fingit

89 4026 150 4062 vers
162 4025 190 4060 se
202 4012 226 4059 in
238 4010 341 4060 Italiam
352 4011 473 4061 eontulit.
652 4016 758 4076 Noster,
766 4013 915 4078 Diomedem
923 4013 1073 4064 inAEtolinm
1082 4015 1172 4066 rediis-

119 4093 132 4119 ⁰
148 4087 184 4136 Et
205 4085 303 4148 Tenem]
327 4085 452 4136 Telamon
469 4099 528 4136 enm
546 4087 615 4137 l'sn·
652 4105 699 4142 se:
715 4089 784 4157 quod
795 4091 882 4141 neseio
893 4105 925 4140 sn
938 4090 999 4142 alibi
1010 4091 1133 4156 reperias.

89 4159 467 4226 erumriderstrbsqustrstrs
480 4161 613 4227 sineere·
1172 4175 1176 4182 ’
