3044 4896
380 331 428 380 nn
452 333 572 382 nunno
595 335 764 386 nnorrno
790 341 860 390 nte.
882 341 938 390 ru,
1130 331 1194 396 211

99 471 250 536 edidisse
264 471 383 550 visam,
406 474 503 557 cnjus
526 476 658 558 ignibus
681 478 892 562 flagravisse¹
920 484 1028 560 Idam,
1051 505 1091 552 nc
1112 507 1194 554 mox

101 572 316 638 continuante
331 571 467 638 flamme
484 576 630 644 Deorum
648 579 785 647 delubra
807 589 1023 664 concremari,
1046 607 1193 654 omnem·

13 725 14 730 ,
101 692 168 754 qne
182 672 314 738 demum
330 672 372 738 ad
389 675 516 740 cineres
529 677 717 762 collapsam
732 683 916 762 civitatem,
928 688 1073 763 intactis,
1086 691 1191 755 inrio-

99 772 243 856 iatisque
261 773 437 840 Antenoris
452 782 485 840 et
500 775 658 844 Anchisae
673 780 848 846 domibus.¹
895 784 984 865 Quae
1000 786 1193 855 denuntiate

99 879 197 936 cum²
213 873 254 938 ad
270 876 451 956 perniciem
464 877 632 959 publicam
646 887 799 963 spectare
813 889 986 969 aruspices
997 896 1017 924 ¹⁰
1033 881 1197 972 praecine·'

99 980 184 1051 rent,
199 975 472 1042 internecaudnm
482 977 606 1044 editum
620 990 753 1063 partum
768 985 951 1066 placuisse.
966 1047 969 1060 ,
987 990 1055 1054 Sed
1072 991 1191 1058 Hecu·

99 1077 176 1140 bam
189 1096 282 1142 more
295 1078 582 1156 femineumnec
591 1083 837 1164 miserationis,³
850 1089 934 1152 clam
945 1090 1097 1156 alendum
1113 1113 1192 1176 pas·

99 1179 227 1242 toribus
242 1179 277 1242 in
294 1179 390 1244 ldam
414 1180 658 1247 tradidisser4¹¹
679 1204 758 1248 eurn
779 1186 850 1266 jam
874 1189 1023 1254 adultum
1044 1212 1121 1256 cnm
1138 1212 1193 1258 res

98 1279 209 1362 palam
222 1285 327 1357 esset,
337 1301 378 1343 ne
391 1281 544 1346 hostem⁰
559 1283 719 1365 quidem,⁵
733 1288 887 1367 quamvis
901 1290 1134 1367 sevissimam,
1153 1301 1190 1356 nt

98 1379 307 1458 interficeret,
322 1381 395 1462 pati
407 1381 579 1463 potuisse:
595 1387 835 1451 tantaescilicet
850 1387 953 1452 fnisse
965 1407 1039 1454 eum
1049 1391 1192 1473 pulchri·

97 1480 220 1544 tudinis
237 1487 337 1564 atque
348 1481 463 1546 forman
474 1502 482 1546 ε
495 1501 605 1565 quem,
617 1484 775 1570 conjugio
787 1487 908 1552 deinde
919 1487 1053 1553 OEnone
1065 1497 1079 1540 Ρ
1087 1483 1188 1572 junc-

98 1587 178 1659 tum,
193 1582 384 1666 cupidinem
398 1585 529 1666 cepisse
544 1584 678 1650 visendi
690 1589 859 1669 regiones,
874 1595 974 1673 atque
992 1609 1095 1672 regna
1108 1612 1186 1675 pro·

96 1684 150 1746 cul
164 1685 290 1764 posita.
327 1683 378 1748 Eo
393 1685 509 1750 itinere
523 1687 725 1753 adductam⁶
741 1689 916 1766 Helenam,
928 1697 1066 1772 urgente
1082 1698 1187 1776 atque

96 1783 271 1864 instigante
286 1785 429 1867 quodam
443 1788 590 1865 numine,
611 1794 805 1852 cunctorum
820 1791 946 1853 civium
969 1791 1101 1866 animis,
1122 1795 1188 1856 sibi

95 1882 195 1947 etiarn
211 1884 339 1950 laetitiae
351 1885 468 1964 fuisse,
483 1907 592 1971 neque
618 1890 787 1971 cuiqnam,
804 1911 879 1954 cum
902 1892 1013 1958 orbari
1036 1911 1074 1956 se
1092 1891 1187 1969 filios

551 2049 731 2071 ”etenum

127 2149 140 2192 l
153 2145 250 2206 Delph.
261 2145 499 2209 conflagrantem-2
515 2147 673 2212 Delplr.drrm
681 2149 877 2198 denunciata—8
895 2150 989 2212 Delplr.
1001 2152 1189 2211 moresoemineoe

96 2208 307 2259 laceratorum-t
324 2212 387 2258 Post
400 2209 535 2272 tradidisse,
554 2212 659 2261 exlrlbet
677 2214 772 2275 Delplr.
786 2226 862 2260 voees
878 2213 906 2261 in
921 2214 947 2262 id
962 2216 1071 2264 dearum
1086 2217 1186 2272 dedisse,

96 2288 151 2385 parde
167 2273 266 2384 ‘absunt
285 2289 301 2322 a
321 2273 404 2326 codd.
422 2275 495 2326 Med.
512 2281 540 2326 et
558 2276 670 2340 Arg.-r
689 2278 770 2326 Deest
786 2278 878 2340 quidem
893 2279 919 2326 ln
931 2277 1076 2341 impin-6
1093 2279 1187 2342 Deiph.

96 2352 110 2383 ii
140 2351 166 2384 ilc
178 2353 224 2387 am.

590 2466 697 2516 NOTAE

96 2577 147 2627 tet’
165 2587 288 2641 corrupta
306 2579 348 2640 sit,
366 2587 396 2628 et
414 2580 440 2628 in
460 2581 515 2643 ejus
537 2580 620 2629 locum
661 2581 757 2643 Hygin.
769 2589 797 2628 et
811 2581 918 2630 Homeri
930 2581 1095 2629 Sciroliastes.

95 2653 277 2702 substituenda
302 2654 336 2700 rit
358 2654 424 2713 lime,
445 2657 452 2682 ‘
465 2663 595 2703 torrentes
605 2655 622 2712 ς’
693 2660 705 2684 ¹¹
717 2653 747 2700 la
756 2653 782 2699 id
792 2652 1011 2711 dextrurndedisre]
1023 2651 1117 2700 Nescio
1126 2653 1187 2714 qnid

94 2741 148 2788 qum
162 2725 196 2775 de
207 2718 311 2772 flamma
322 2725 425 2787 proprie
437 2725 545 2786 dicitnr3
563 2741 621 2774 nant
660 2725 710 2773 hoc
722 2727 765 2782 sit,
775 2725 833 2784 nisi,
846 2733 852 2752 ⁸
865 2726 891 2771 in
903 2725 999 2786 aliquid
1014 2724 1131 2772 dextram
1143 2725 1188 2773 da-

92 2816 122 2851 ea
134 2799 249 2850 incendii
262 2798 464 2860 magnitudinem
476 2799 621 2859 indicabam
663 2797 710 2857 re,'
728 2798 799 2845 dicat
817 2799 914 2846 Noster
931 2796 1021 2846 eodenr
1040 2813 1116 2847 sensu
1137 2816 1188 2865 quo

92 2876 231 2939 Hyginum
238 2887 287 2936 quo
298 2887 348 2922 non
358 2874 450 2922 civitas
460 2883 569 2931 tantrrm,
577 2877 622 2924 sed
662 2886 718 2931 nor,
726 2873 814 2920 donner
822 2874 846 2921 le
856 2873 921 2922 muto
931 2875 946 2921 d
956 2875 1051 2937 quelqroe
1061 2875 1136 2924 crau.

92 2962 118 3002 et
129 2951 188 3002 Idan
200 2949 304 2998 arbores
314 2960 493 3011 concremate,
502 2961 531 3002 nt
539 2951 623 3004 refert
638 3007 643 3013 ,
692 2955 704 2982 ⁸
721 2950 869 3012 Nedotiem}
890 2951 976 3000 Serio!
987 2959 1035 3007 0⁸1·
1051 2954 1127 3002 ‘cum
1145 2968 1186 3002 re·

91 3027 251 3078 Scholiastes
262 3025 341 3074 Horu.
351 3025 384 3077 Il.
396 3033 421 3076 Γ.
432 3035 459 3075 et
470 3033 503 3077 lt.
661 3025 744 3086 palum
754 3033 823 3076 esset
834 3039 885 3075 non
904 3027 1019 3088 potuisse
1031 3027 1085 3087 pari
1099 3027 1187 3074 Hecu·

93 3131 96 3140 ι
123 3100 301 3151 'Antmoriset
310 3100 546 3167 declinationibus]
558 3104 620 3155 Qut.
660 3099 728 3154 bam,
744 3109 774 3146 ut
793 3101 910 3150 Priamus
927 3114 985 3148 enm
999 3100 1054 3161 jam
1070 3099 1186 3152 adultum

91 3178 138 3226 bns
150 3176 240 3228 Graeci
256 3189 416 3238 pepercere3
433 3177 494 3239 quio
505 3176 622 3227 Antenor
661 3171 830 3232 interficeret,
845 3186 879 3220 ne
897 3171 996 3220 hortem
1013 3171 1128 3232 quamvis
1139 3187 1187 3221 aa·

92 3264 119 3302 et
146 3253 238 3302 AEneae
268 3251 358 3300 urbem
386 3249 565 3313 prodiderant,
593 3257 622 3300 nt
660 3245 808 3294 vissimum!
1128 3278 1130 3282 .

92 3331 172 3379 aiunt.
693 3327 706 3362 P
724 3318 829 3383 OEmae]
851 3322 917 3375 Quen
935 3319 1045 3370 Cebreni
1063 3320 1185 3385 Phrygia

129 3413 148 3440 ¹¹
165 3404 304 3467 Aruspices]
334 3401 427 3450 AEmco
447 3399 545 3450 Priami
565 3397 620 3448 tilio
659 3395 866 3448 flnvlitiliafuit.
1122 3468 1127 3476 Ι

91 3481 139 3530 troc
152 3481 268 3530 tribuunt
289 3477 451 3541 Lycophron‚
466 3475 619 3540 Apollodor.
692 3481 704 3515 t
715 3474 796 3536 Nepae
807 3473 985 3536 cairoensem
995 3470 1076 3521 ardori
1086 3471 1185 3548 roffio]

91 3554 216 3612 Servium
231 3553 342 3614 Apollini
361 3567 422 3602 rero
439 3558 512 3602 vetor
533 3551 620 3615 poeta,
660 3548 719 3598 Hoc
730 3564 763 3598 ea
774 3550 854 3600 Hom,
865 3549 898 3598 Il.
908 3553 933 3598 r.
944 3547 1071 3611 expressit
1082 3547 1187 3607 Dictys.

90 3628 162 3693 apud
179 3627 235 3675 Cic.
246 3639 267 3673 r.
286 3626 320 3673 de
340 3626 430 3677 Divin.
444 3617 550 3678 ‘tbt‘ex
562 3642 620 3677 ora·
659 3625 701 3676 Ibi
718 3627 785 3676 eninr
797 3625 996 3687 senerTrojaui,
1012 3637 1071 3672 cum
1083 3621 1109 3668 in
1120 3621 1186 3669 turri

90 3705 151 3754 culo
164 3713 228 3750 rore
240 3699 326 3747 divina
336 3699 417 3748 edidit
434 3700 537 3764 Apollo,
556 3716 618 3764 pue·
658 3700 814 3748 sederentet
823 3701 948 3748 Helenam
956 3697 1122 3747 accedentem
1130 3709 1186 3745 cer·

92 3794 147 3828 rum
168 3776 266 3841 prinus
286 3772 389 3822 Priamo
404 3774 448 3836 qni
466 3773 536 3825 foret
554 3775 619 3826 Post
659 3780 759 3828 nerent,
770 3772 987 3834 pulchritudinem
998 3772 1054 3834 ejus
1065 3769 1184 3819 admirati

90 3855 134 3904 illa
151 3860 226 3904 natur
245 3859 372 3912 tempora,
388 3846 455 3896 hunc
469 3849 618 3910 sitollernt,
657 3848 812 3896 exclamant.
845 3843 983 3906 Oirlpson
998 3847 1076 3906 Τρῶας
1092 3843 1183 3925 ruisso-

92 3933 157 3980 Eum
185 3943 242 3979 erse
265 3927 372 3976 exitium
394 3923 491 3985 Trojae,
517 3932 617 3986 pestem
657 3922 768 3984 κνήμαδιε
787 3920 898 3982 Ἀχαιοὺς
912 3920 992 3985 'lotii‘
1008 3919 1068 3982 dpol
1090 3920 1184 3980 ’γυναικὶ

91 4004 236 4067 Pergamo)
270 4001 410 4050 Parrmniaa
425 3999 548 4062 Sibyllam
564 4001 617 4049 lle·
657 3999 733 4048 πολὺν
743 3997 831 4062 χρόνον
840 3997 918 4059 ἄλγεα
926 3993 1117 4058 πάσχειν.Αἰνῶς
1127 3995 1182 4048 ἀθα-

92 4080 216 4143 rophiiarn
226 4079 342 4128 Hecubae
354 4075 480 4124 somnium
492 4075 618 4138 interpre·
658 4073 744 4137 νόηῖσι
760 4075 816 4138 θεῇς
832 4072 865 4122 sis
881 4071 933 4120 ὦπα
948 4069 1032 4136 ἔοικεν.
1049 4072 1123 4120 ‘Non
1136 4073 1182 4122 uri·

94 4163 173 4204 tutam
182 4153 253 4204 dicit.
270 4154 335 4202 Cum
343 4148 618 4214 DictysaciuntOrid.
659 4165 714 4200 rum
731 4159 772 4200 ert
791 4152 912 4213 Trojanos
928 4155 955 4198 et
974 4148 1054 4200 sortes
1065 4147 1184 4201 Grecos,
