3044 4896
325 295 390 366 Μ
673 305 835 356 orcrros
860 301 1066 353 oanrnssrs

326 456 419 528 bant,
441 449 572 532 genitus
593 447 724 514 Achille
741 465 791 512 cx
815 444 993 510 Deidamia
1015 439 1241 526 Lycomedis:
1263 459 1419 523 superve-

326 550 447 628 niens?
460 550 595 616 offendit
610 548 772 613 tumulum
789 553 993 612 exstructum
1005 542 1077 629 jam
1093 561 1136 606 cx
1151 549 1245 626 pane
1260 545 1419 606 maxima.

327 655 414 718 Dein
421 658 646 735 percontatus
659 651 785 714 exitum
801 657 947 732 pateruae
962 645 1093 720 mortis,
1108 644 1310 726 doctosque,
1329 644 1419 726 Myr-

325 752 491 825 midonas,
515 757 646 833 gentem
660 749 923 826 fortissimamet
936 747 1097 829 inclytam
1119 744 1295 821 bellandi,c
1316 744 1419 807 armis

326 859 424 936 atque
439 852 558 916 animis
572 848 767 928 continuam
788 847 1014 930 impositoque
1028 845 1183 910 faciendo
1199 846 1294 927 operi
1318 845 1419 909 th-

326 953 427 1030 nioc,⁸
448 951 492 1016 ad
517 969 621 1016 naves
648 955 746 1032 atque
770 949 812 1012 ad
836 950 976 1013 tentoria
1000 947 1350 1029 parentiscouteudit:
1372 947 1420 1008 ibi

327 1051 500 1118 custodem
513 1069 619 1114 rerum
632 1047 770 1114 Acblllis
781 1048 1044 1131 Hippodamiam
1057 1048 1291 1111 animadvertit
1314 1047 1419 1110 Mox·

327 1171 394 1237 que
407 1153 553 1216 adventu
567 1150 643 1233 ejnr
658 1149 805 1230 cognito,
821 1151 855 1212 in
868 1148 1007 1212 eundem
1021 1148 1131 1211 lomrm
1148 1167 1168 1211 a
1183 1149 1312 1212 cunctis
1328 1147 1420 1211 daci·

326 1255 391 1320 bus
406 1251 630 1318 concurritur:
652 1249 752 1333 bique
766 1249 815 1314 uti
832 1247 977 1312 animum
991 1267 1123 1330 coquum
1138 1247 1283 1324 baberet,
1305 1248 1420 1331 depre-

327 1361 453 1420 cantur.
499 1351 586 1430 Qols
602 1352 743 1430 benigne
759 1350 975 1431 respondens,
996 1367 1059 1412 nec
1075 1349 1140 1412 sibi
1163 1350 1212 1413 ait
1232 1352 1418 1432 ignoratum

326 1473 414 1530 esse,
425 1453 548 1526 onnia,
558 1469 633 1534 qum
645 1449 806 1516 divinitus
816 1449 1008 1528 conderent,
1016 1450 1094 1514 lorti
1104 1458 1238 1533 pectore
1250 1451 1418 1534 patienda,

327 1572 434 1636 neque
462 1553 619 1634 cuiquam
649 1550 879 1632 superlatum
906 1550 1038 1614 vivendi
1069 1569 1268 1616 concessam
1293 1552 1419 1633 legem:

326 1659 457 1736 turpem
479 1671 623 1734 namque
645 1671 685 1715 ac
706 1650 933 1715 detestandam
949 1652 1029 1715 viris
1044 1650 1183 1715 sortibus
1199 1651 1419 1716 conditionem

324 1759 491 1834 seneotm3
513 1759 639 1834 contra¹
652 1752 840 1816 imbellibus
864 1753 1050 1834 optabilem.
1100 1751 1259 1816 Ceterum
1288 1753 1355 1816 sibi
1380 1771 1420 1816 eo

326 1853 485 1920 leviorem
499 1854 646 1919 dolorem
668 1873 755 1929 esse,
777 1855 868 1937 quod
895 1873 961 1916 non
985 1854 1019 1915 in
1042 1853 1232 1926 certamine,
1257 1873 1365 1936 neque
1387 1856 1422 1918 in

327 1956 405 2017 luce
428 1951 530 2018 bellid
556 1953 706 2019 Achilles
729 1954 920 2018 interfectus
942 1960 1044 2026 esset,
1071 1971 1139 2034 quo
1158 1952 1333 2035 ⁸fortiorem
1359 1961 1420 2016 ne3

328 2059 463 2136 optasse
489 2053 622 2135 quidem
641 2073 829 2136 quenquam
852 2056 1000 2116 existere
1025 2071 1124 2130 nuuc,
1146 2040 1199 2117 'vel
1223 2053 1258 2116 in
1282 2063 1423 2136 praeter-

326 2155 421 2231 itum,
444 2161 590 2238 excepto
612 2173 679 2218 ouo
702 2153 761 2217 illo
788 2153 957 2216 Hercule‘
1010 2152 1116 2217 Addit
1140 2159 1301 2234 praeterea
1315 2155 1423 2219 solum

323 2255 436 2344 ‘virum
460 2255 594 2336 dignum
616 2273 656 2317 ea
676 2259 888 2336 tempestate,
910 2254 974 2316 sub
990 2253 1086 2336 cujus
1100 2255 1253 2317 manibus
1268 2255 1422 2320 exscindi

327 2353 463 2435 Trojam
476 2355 627 2418 doceret:
649 2373 756 2437 neque
772 2362 882 2418 tamen
904 2355 1058 2430 abnuere,
1079 2353 1169 2436 quod
1190 2354 1421 2438 imperfectum
1514 2415 1515 2418 ,

327 2473 348 2517 a
363 2461 456 2536 putre
470 2456 619 2518 relictum
629 2461 731 2532 esset,
748 2473 770 2518 a
784 2473 821 2518 se
835 2463 936 2536 atquc
946 2474 972 2518 u
987 2456 1279 2520 circumstantibus
1291 2455 1421 2539 perfici..

324 2551 412 2637 [ld]
434 2552 616 2637 Postquam
641 2554 742 2618 finem
767 2555 928 2638 loquendi
949 2555 1042 2631 fecit,
1062 2557 1098 2618 in
1121 2557 1311 2638 proximum
1333 2558 1421 2621 diere

328 2663 494 2720 certamen
514 2657 785 2739 pronuntiatum:
808 2655 909 2720 duces
932 2675 1058 2732 omaoS,
1080 2657 1137 2720 ubi
1161 2665 1291 2742 tempus
1311 2659 1421 2722 visum

326 2764 391 2832 ost,
413 2757 515 2820 solito
532 2757 577 2821 ad
593 2757 871 2839 Agamemnonem
888 2765 1057 2821 coenatum
1072 2758 1223 2822 venium:
1245 2758 1420 2839 inquibus

328 2853 420 2935 Ajax
435 2873 510 2917 cum
531 2853 765 2938 Neoptolemo,
791 2857 984 2935 Diomedes,
1007 2859 1160 2939 Ulysses,
1175 2865 1208 2922 et
1223 2855 1419 2921 Menelaus:

328 2953 429 3035 bique
443 2955 527 3018 inter
543 2973 578 3017 sc
597 2955 738 3018 eundem
764 2955 893 3021 locumt
910 2959 1064 3022 coenandi
1088 2961 1236 3040 capiunt.
1281 2957 1420 3046 Interim

816 3169 925 3220 NOTAE

326 3299 379 3347 loru
391 3297 556 3359 miseriacum
565 3297 795 3348 vixdoodecimum
808 3311 851 3348 au·
890 3313 950 3348 eum
972 3313 1019 3362 ego
1041 3301 1066 3349 lo
1095 3298 1225 3362 protunda
1243 3300 1304 3349 navi
1327 3302 1419 3365 oequoli

325 3387 388 3423 uum
399 3373 532 3433 attigerat.
891 3373 997 3423 Adduxi
1016 3388 1047 3424 ex
1067 3375 1150 3438 Scyro
1168 3373 1200 3421 sd
1220 3375 1286 3422 bene
1306 3384 1418 3424 armatos

359 3444 510 3494 *nermo
520 3447 668 3510 Lycomedis]
684 3447 851 3510 [lycomedem
888 3449 1016 3498 'tiraces’
1054 3450 1193 3512 Sophocles
1214 3450 1240 3498 in
1262 3449 1419 3505 Philocteta,

328 3534 372 3572 rex
384 3521 457 3583 Scyri
470 3521 577 3570 insule:
595 3521 626 3568 ad
639 3529 697 3568 eom
714 3521 852 3571 Achilleos
893 3524 966 3573 addit
977 3524 1135 3574 Phunicem.

327 3605 411 3646 matre
423 3596 514 3644 missus
534 3601 570 3651 ut,
588 3596 654 3643 iuter
672 3595 729 3658 ejus
739 3593 805 3643 filias
816 3595 852 3643 la·
931 3600 1075 3662 tinclytam
1101 3599 1212 3662 bland]
1245 3599 1418 3666 Subaudimr,

328 3679 393 3730 tens,
405 3670 516 3733 Trojano
528 3669 597 3718 bello
609 3680 659 3718 acu
671 3671 818 3719 interesset.
886 3674 900 3702 ’ί
910 3675 982 3723 arte'
999 3675 1040 3723 vel
1055 3673 1160 3723 ‘fama’

366 3743 378 3776 l
397 3745 579 3809 Superveniens]
607 3745 643 3794 At
663 3745 793 3795 Homerus
807 3749 851 3796 :art
922 3747 1116 3810 flmmeum]
1134 3749 1337 3813 Elegantissime.

324 3823 442 3884 ‘Ulyssem
458 3823 566 3886 Scyrum
585 3823 693 3873 insolam
710 3825 850 3886 navigasse,
922 3831 933 3858 θ
952 3825 1055 3874 Uecillo
1066 3825 1181 3886 Hercule]
1204 3823 1255 3871 llic
1269 3835 1320 3869 vox
1339 3823 1417 3874 'illo’

327 3905 357 3944 ut
365 3897 424 3944 inde
432 3899 558 3962 Pyrrhum
567 3899 715 3950 adduceret.
729 3901 775 3949 Sic
784 3899 850 3948 enim
890 3901 1006 3950 maxime
1023 3901 1189 3964 emphaseos;
1205 3899 1231 3946 id
1249 3905 1298 3958 est,
1317 3899 1327 3934 -‘
1337 3901 1417 3950 'uobi-

329 3971 397 4030 apud
409 3983 467 4019 eum
476 3973 583 4034 Ulysses
594 3989 599 4022 :
612 3976 687 4024 Atros
698 3975 744 4039 γάρ
753 3993 792 4036 μιν
803 3977 850 4037 qo
890 3975 1001 4025 lissimo!

329 4041 411 4099 κοίλης
420 4045 457 4090 ἐπὶ
468 4046 521 4100 νηὸς
532 4046 714 4108 ἅσηςἮγαῪον
724 4053 751 4098 ἐκ
762 4051 851 4113 Σκύρου
883 4074 885 4080 ·
921 4049 1139 4112 flauminum]
1151 4050 1190 4099 An
1198 4049 1282 4098 lucum
1294 4049 1415 4100 solitum?

327 4115 377 4178 μετ’
395 4115 528 4174 deartuatus
544 4121 660 4180 Ἀχαιούς.
685 4125 763 4186 ‘lpse
783 4129 849 4174 enirn
889 4124 1414 4188 audiciteoouuudomscdltremtenuisse,
