3044 4896
385 291 433 337 nn
457 291 576 340 senno
599 291 770 340 rnornrro
795 292 866 342 ure.
891 295 940 341 ιν.
1131 282 1196 346 233

14 423 16 514 ἓ
102 433 198 500 facile
211 439 310 498 sento
325 433 525 512 decutiens,u
546 435 634 522 baed
656 436 787 516 segnius
802 437 994 502 imminere.v
1038 439 1194 522 Denique

104 535 293 602 Philocteta
316 553 389 611 eos,
405 535 463 616 qui
487 536 524 599 in
543 536 646 599 muris
664 535 769 600 locati
782 542 885 614 crant,
908 538 1035 602 eminus
1060 539 1194 621 sagittis

14 629 15 672 l
104 637 288 717 proluebat,
317 635 440 698 multos
462 636 629 700 interficit.
684 637 804 719 Neque
832 656 930 703 secus
948 633 978 702 'a
998 640 1137 723 reliquis
1159 639 1193 704 in
1235 652 1239 658 “

14 727 15 756 ³
102 740 192 818 parte
206 735 274 798 alia
287 754 341 798 res
357 742 473 814 gestae.
516 735 629 820 Atque
644 757 687 801 eo
703 737 758 801 die
778 739 897 802 excisa
910 758 1092 822 eversaque
1107 761 1189 804 moe-

101 838 154 900 nia
169 831 313 900 bostium
337 836 454 913 serent,
466 838 505 900 'ni
520 855 590 900 nox
607 838 679 920 Jam
702 839 859 918 ingruens
873 843 1009 902 nostros
1025 841 1068 902 ab
1082 841 1192 921 incep-

103 943 137 1000 to
152 936 369 1001 cohibuisset.
413 935 483 1015 Qui
498 939 557 1001 ubi
572 939 615 1003 ad
631 959 732 1003 neres
746 939 888 1019 regressi
906 947 995 1018 sunt,
1018 941 1089 1004 lecti
1112 938 1191 1006 Pbi-

101 1039 234 1102 loctetae
261 1037 481 1114 facinoribus,
505 1047 541 1102 et
567 1040 612 1102 ob
639 1039 673 1104 id
697 1039 877 1104 maximam
902 1043 1014 1106 animo
1037 1041 1192 1106 fiduciam

102 1145 281 1220 gestantes,
297 1157 425 1201 summo
439 1138 555 1204 favore
570 1159 610 1203 ac
624 1141 780 1204 laudibus
792 1143 913 1205 ducem
927 1142 1108 1206 celebrent.
1123 1140 1193 1218 Qui

103 1240 201 1302 simul
216 1259 291 1304 cum
308 1238 395 1316 luce,
411 1239 583 1322 adjunctis
599 1241 662 1302 sibi
679 1241 816 1322 reliquis
828 1241 1026 1317 ducibuS,in
1040 1241 1193 1323 praelium

103 1359 264 1422 egressus,
280 1339 392 1403 hostes
407 1347 500 1404 metu
523 1340 578 1403 sui
600 1340 685 1403 adeo
701 1340 871 1416 deterruit,
893 1345 931 1404 ut
948 1342 1005 1404 vix
1022 1360 1059 1404 se
1073 1341 1194 1404 moeni-

100 1442 165 1505 bus
178 1441 400 1505 defensarent.
444 1441 524 1523 [2l.]
547 1442 683 1506 Interim
706 1441 956 1524 Neoptolemus
976 1442 1066 1525 apud
1084 1451 1194 1505 tunu-

100 1542 166 1605 lum
180 1540 340 1618 Acbillis,
355 1549 538 1626 postquam
553 1543 586 1606 in
601 1547 772 1607 auctorem
794 1548 942 1626 paternae
963 1542 1068 1608 cedis
1085 1541 1193 1608 vindi·

103 1649 215 1706 catum
232 1651 297 1719 est,
313 1642 442 1707 initium
458 1642 593 1724 lugendi
607 1645 720 1718 sumit,
741 1648 775 1706 et
795 1663 863 1706 ana
877 1663 954 1706 cnm
973 1643 1130 1708 Phoenice
1143 1651 1193 1709 at·

101 1763 165 1826 que
181 1745 269 1807 omni
284 1742 533 1826 Myrmidonum
549 1744 709 1814 exercitu,
725 1762 840 1807 comas
855 1743 1008 1825 sepulcro
1022 1744 1192 1825 deponit,w

100 1848 339 1928 pemootatque
362 1845 395 1907 in
415 1846 517 1908 10c0.¹
560 1844 625 1909 Per
646 1844 734 1908 idem
758 1850 891 1926 tempus
913 1843 975 1906 filii
989 1841 1192 1918 Antimacbi,

100 1944 141 2007 de
164 1964 235 2028 quo
258 1963 360 2027 supra
381 1945 663 2020 memoravimusy
685 1942 836 2028 adjuncti
864 1942 991 2008 Priami
1012 1945 1123 2021 rebus,
1146 1943 1190 2010 ad

100 2044 271 2110 Helenum
284 2046 580 2129 veniunt,eumque
596 2051 633 2110 ut
648 2045 692 2110 ad
703 2045 883 2110 amicitiem
897 2064 974 2109 cum
985 2046 1056 2110 suis
1067 2046 1191 2121 redeat,

100 2146 282 2230 deprecati,
298 2148 358 2210 ubi
372 2145 455 2210 nibil
470 2147 659 2230 proficiunt,
673 2146 716 2211 ad
728 2165 807 2209 suos
822 2153 1018 2224 remeantes,
1036 2145 1192 2209 Diomedi

100 2251 200 2330 atque
227 2244 329 2330 Ajaci
359 2247 480 2312 alteri¹
514 2247 640 2310 itineris
666 2246 775 2310 medio
804 2253 1002 2310 occurrunt:
1039 2247 1082 2309 ab
1112 2245 1191 2330 quis

99 2347 344 2432 comprehensi,
358 2347 578 2432 perductique
593 2349 637 2413 ad
652 2367 768 2425 nares,
783 2347 921 2431 quinem
937 2353 1058 2424 essent,
1072 2352 1105 2428 et
1120 2366 1190 2411 rem

97 2449 140 2512 ob
156 2468 258 2533 quam
272 2454 429 2514 venerant
450 2468 581 2514 omnem
604 2449 800 2533 expediant.
843 2449 929 2512 Tum
950 2448 1114 2514 recordati
1129 2468 1192 2530 pa·

96 2549 158 2612 tris
181 2567 306 2624 eorum,
328 2555 363 2612 et
384 2570 459 2632 quae
483 2549 658 2614 adversum
679 2551 810 2632 legatos
831 2549 965 2624 dixerit,
986 2549 1191 2629 molitasque

96 2637 156 2726 sit,
171 2648 260 2713 tradi
271 2666 333 2710 cos
350 2647 580 2727 popularibus,
596 2653 699 2729 atque
714 2653 789 2711 ante
804 2652 1020 2727 conspectum
1033 2645 1193 2708 barbaro-

94 2769 171 2812 rum
186 2745 331 2828 produci
340 2745 475 2826 jubent,
491 2745 565 2808 dein
580 2745 750 2826 lapidibus
765 2745 896 2827 injectis
911 2746 1032 2809 necari.
1055 2743 1191 2807 interim

94 2844 283 2912 Alexandri
299 2843 419 2908 ἒιιηιιεει
440 2863 502 2928 per
517 2854 645 2928 partem
661 2843 785 2908 aliem⁵
807 2844 851 2929 ad
866 2845 1047 2922 OEnonenr,
1063 2863 1139 2928 quse
1161 2845 1192 2908 ei

590 3044 698 3096 NOTAE

129 3149 143 3175 ¹¹
159 3141 240 3192 Facile
250 3145 317 3189 ecclc
327 3138 458 3202 domim]
474 3139 560 3202 Super
570 3153 625 3187 mo·
664 3152 748 3186 meum
758 3137 864 3200 conjeci,
872 3136 905 3184 ad
913 3134 976 3183 illud
985 3133 1082 3196 Hymn.
1091 3133 1118 3180 lu
1128 3131 1191 3180 Dia·

98 3217 159 3266 dum
170 3217 230 3266 telis
244 3215 419 3280 grevebssrrm
436 3213 481 3263 sed
494 3229 526 3263 ea
537 3221 625 3263 temen
664 3225 741 3258 nem:
759 3208 880 3271 Keipcrrcr
895 3207 921 3257 δὲ
934 3207 1043 3274 γέροντες
1057 3205 1096 3268 ἐφ’
1107 3205 1189 3255 υἱέσιν.

98 3291 175 3340 facile
186 3290 344 3340 decutiebat.
379 3289 445 3338 Rem
462 3289 561 3351 mirem,
577 3288 626 3337 eci·
668 3284 832 3334 ‘Tondentur
840 3293 925 3334 autem
935 3297 1010 3332 renes
1020 3295 1097 3345 snper
1106 3279 1192 3330 tilios?

14 3423 16 3430 Ι
98 3366 170 3416 lieet.
509 3423 511 3426 Ι
697 3357 1006 3424 ‘Persectatquetnloco1
1024 3342 1199 3411 Quodetiarn'

130 3440 290 3502 'Imminet-e]
301 3439 332 3487 Id
342 3444 390 3494 est,
404 3439 508 3499 instare,
515 3446 543 3487 et
552 3438 625 3503 qnasi
665 3435 799 3500 aliquoties
810 3435 1004 3486 observabatur.
1194 3447 1197 3454 ’

99 3515 305 3564 eisiecrrmbere.
332 3515 470 3576 Egregium
482 3515 627 3578 planever·
695 3514 980 3563 restitueresque
996 3527 1039 3576 prro
1055 3525 1127 3574 capro
1143 3523 1192 3556 me-

98 3590 169 3639 bum.
187 3587 293 3635 Utinam
305 3588 330 3634 in
343 3589 447 3652 reliquis
457 3589 573 3638 omnibus
585 3603 626 3638 se·
663 3587 815 3650 maiman]
825 3588 881 3637 Lib.
891 3602 922 3636 rr.
934 3586 977 3635 nbi
990 3587 1036 3646 rit,
1044 3585 1125 3632 solnm
1137 3595 1191 3631 om·

99 3681 126 3716 se
138 3666 176 3714 ite
186 3661 338 3724 diligentem
349 3667 485 3724 praestaret
497 3667 603 3729 Dictys.
665 3663 735 3711 rriunr
747 3661 927 3712 Antimachum
946 3663 972 3709 in
988 3661 1101 3726 gratiam
1112 3658 1190 3708 Alex·

130 3747 147 3773 '¹
166 3741 253 3788 Comae
268 3736 372 3798 tepulae
389 3739 494 3800 depcrit]
513 3739 565 3790 Qui
584 3755 625 3788 so·
666 3733 738 3784 andri
754 3734 890 3784 adversum
901 3740 1009 3783 cunctos
1020 3733 1191 3789 reclamasse3

100 3814 181 3864 leneis
191 3825 246 3860 moe
258 3809 317 3858 init.
339 3809 448 3858 Homer·
458 3811 491 3859 rie
499 3813 625 3861 'Petrcclo
665 3825 723 3860 cern
734 3809 883 3858 Menelaum
894 3809 986 3872 injuste
999 3807 1119 3870 injuriam
1130 3821 1189 3870 pas·

100 3889 172 3939 Ibit.
204 3885 267 3950 0le
283 3883 398 3934 lirina
411 3883 480 3934 νέκνν
490 3885 627 3936 earmina»
665 3899 719 3935 som
731 3884 909 3932 decernerent.

101 3964 130 4014 ts
140 3963 283 4019 ἐπέβαλλον.
307 3961 433 4025 ‘Capillis
445 3968 531 4010 eurem
544 3967 625 4010 toturn
696 3968 709 3994 ⁸
723 3957 886 4021 Ajoeidterss
909 3956 952 4007 'Sic
969 3971 1072 4021 semper
1081 3957 1190 4020 Ajacem
1280 3991 1286 3996 -

101 4044 229 4088 manuum
246 4036 370 4100 tegebeut
382 4049 446 4100 quoe
457 4034 625 4099 injiciebant.'
667 4037 770 4087 Odeum
781 4039 865 4085 vocat.

101 4113 154 4164 Sed
165 4127 241 4178 super
250 4114 309 4175 boc,
320 4113 395 4176 plura
405 4110 431 4160 in
441 4109 625 4192 Cdbmecbrun
697 4119 710 4146 ⁸
724 4110 858 4162 Alexandri
869 4108 957 4173 staur]
979 4107 1065 4160 Nolim
1074 4109 1122 4160 boc
1133 4107 1189 4158 imi·
