3052 4900
574 345 780 398 Al'l’llNDlX.
1157 341 1224 407 847

135 496 303 565 reserens?
347 495 416 561 Ubi
440 495 577 562 ridicule
597 497 765 582 Iosephus
786 499 1041 587 Burdoscaligcr
1055 513 1223 590 postrema

136 601 208 664 tria
221 599 324 664 uerba
338 595 462 662 Lucilii
481 615 557 662 esse
573 597 725 676 credidit,
743 617 820 682 quar
836 597 981 664 Charisii
996 621 1081 683 esse,
1094 625 1139 670 ex
1153 608 1223 673 Do·

136 700 213 766 nati
225 699 335 764 uerbis
359 697 487 762 discere
506 704 646 781 poterat
689 699 850 783 Hyginus
869 699 937 764 sab.
955 703 1030 767 2⁷4.
1054 705 1130 770 ‘No
1148 709 1223 792 quis

136 819 256 868 vserns
270 806 372 865 artem
387 797 586 866 medicinam
600 799 765 866 disceret!
808 799 964 868 Plinius:
980 797 1223 888 ‘Hippocrates

136 901 347 967 clarissimus
367 899 542 966 medicinae
566 899 738 967 scientim!
781 900 932 968 Getarum
947 899 1056 968 Varro
1078 904 1112 968 in
1125 923 1165 970 eo
1177 909 1223 971 nil

25 991 31 1005 “
136 1008 262 1086 practer
281 1001 413 1069 solitum
425 1007 575 1084 nugatur,
597 1021 674 1066 cum
689 999 853 1067 medicum
871 1020 892 1067 a
907 1001 1070 1068 medicina
1083 1009 1118 1068 et
1131 1013 1223 1072 suto-

136 1121 209 1168 rem
224 1119 245 1166 a
259 1101 384 1166 sutrina
397 1099 578 1167 derivatum
593 1101 746 1180 affirmat,
758 1121 833 1167 cnm
848 1122 910 1168 nec
930 1105 1024 1187 pueri
1044 1103 1116 1188 Jam
1130 1105 1223 1188 igno·

136 1208 219 1282 rent,
248 1203 383 1266 nomina
408 1201 444 1265 in
467 1200 535 1264 inus
559 1203 717 1268 exeuntia
739 1204 783 1268 ab
806 1223 848 1269 eo
870 1205 1057 1288 primigenii
1081 1206 1223 1271 nominis

137 1322 233 1382 casu,
246 1303 305 1386 qui
318 1299 465 1367 cudatin
478 1301 654 1380 i,sormata
666 1321 749 1370 esse.
786 1305 906 1391 ltaque
921 1307 1222 1389 camapurticipio

137 1405 276 1487 passivo
292 1409 390 1468 sutus
406 1402 529 1468 factum
551 1403 672 1470 fuisset
689 1410 793 1484 sutor,
816 1408 860 1472 ab
874 1405 976 1491 hujus
991 1411 1109 1490 postea
1121 1407 1223 1474 tertio
1280 1482 1284 1488 ,

137 1523 219 1569 casu
232 1505 335 1570 sutori
355 1503 540 1588 profectum
554 1511 608 1570 est
622 1507 800 1584 sotericus,
822 1513 856 1572 ct
873 1526 932 1590 per
945 1525 1112 1592 syncopen
1125 1509 1222 1573 sutri·

137 1623 214 1681 uus,
229 1605 455 1688 similiterque,
470 1623 492 1667 a
507 1603 611 1671 verbo
627 1605 738 1690 pinso,
756 1605 896 1692 (priscis
918 1607 1008 1689 piso,
1031 1612 1115 1672 testo
1137 1607 1221 1671 Dio-

136 1705 243 1782 mede,
253 1725 276 1768 a
289 1704 400 1770 Graec.
410 1701 552 1788 mirra)
566 1704 746 1787 participio
759 1705 879 1787 pistus,
893 1703 1017 1770 factum
1026 1707 1092 1772 fnit
1101 1708 1220 1790 pistor,

135 1799 203 1866 eta
222 1805 346 1886 pistori,
360 1806 543 1889 pistorinus
557 1809 591 1870 et
607 1805 783 1889 pistrinus;
801 1804 973 1881 atextori,
988 1807 1177 1870 textorinos
1187 1814 1221 1872 et

135 1904 312 1986 textrinus3
326 1905 515 1984 medicus,
524 1905 659 1984 medici,
667 1904 872 1987 medicinus3
887 1905 1034 1989 apiscis,
1044 1905 1142 1987 pisci,
1152 1907 1220 1990 pis·

135 2004 252 2086 cinus;
269 2024 290 2069 a
304 2025 374 2085 rex,
389 2007 470 2089 regi,
484 2007 634 2092 reginus3
650 2026 672 2072 a
686 2005 752 2084 sal,
767 2007 843 2083 sali,
858 2007 991 2072 salinus
1021 2007 1063 2072 In
1078 2007 1220 2071 salinum

133 2123 214 2188 ergo
227 2107 444 2171 subaudimus
463 2125 538 2187 uas,
556 2107 593 2171 in
609 2106 739 2185 salina,
754 2106 809 2172 uel
831 2108 992 2185 tabernae,
1005 2107 1060 2172 uel
1083 2105 1219 2185 lodinae,

134 2204 171 2266 in
186 2205 436 2291 piscinaeque.
462 2206 553 2273 Nam
562 2213 598 2272 et
612 2206 774 2290 ‘petimen
787 2205 966 2290 piscinum’
981 2204 1121 2271 Naevius
1136 2211 1219 2270 teste

135 2301 239 2368 Festo
265 2303 362 2370 dixit.
406 2307 448 2373 ln
476 2305 593 2392 regina
616 2306 815 2372 subauditur
839 2307 989 2386 foemina,
1012 2305 1093 2386 lilia,
1121 2322 1219 2371 uxor.

133 2401 329 2472 Chadsius:
354 2410 365 2443 ‘
375 2407 507 2492 Regina
520 2407 613 2474 nullo
627 2405 728 2473 modo
741 2407 969 2491 recipiendum
981 2407 1047 2474 nisi
1058 2407 1219 2492 recipere-

133 2523 208 2571 mus
226 2513 260 2574 et
273 2507 440 2592 reginum!
482 2511 604 2597 ltaque
626 2506 788 2593 Virgilius
812 2510 909 2576 Iliam
927 2516 1030 2574 vocat
1044 2509 1220 2592 Reginam
1249 2567 1250 2571 ,

131 2623 196 2667 nec
210 2623 308 2666 secus
332 2606 527 2680 Ariadnam,
547 2610 640 2687 quod
650 2611 731 2668 etio
745 2614 857 2668 essent
869 2609 982 2686 reglae.
1024 2605 1070 2668 Et
1080 2605 1218 2672 Servius

132 2706 169 2766 in
193 2700 253 2764 illo
269 2700 345 2767 AEu·
361 2715 387 2766 1.
408 2699 535 2776 ‘Quod
552 2703 644 2784 regia
657 2703 748 2769 June
765 2701 992 2768 Monsnarut:
1035 2703 1144 2788 Regia
1168 2707 1220 2770 in-

132 2805 344 2884 terpretatur,-
366 2797 489 2880 regina,
502 2816 622 2883 nempe
640 2809 679 2868 ut
698 2805 793 2869 alux
805 2809 857 2868 est
870 2804 996 2872 Lucius
1006 2812 1044 2871 et
1057 2805 1217 2885 Lucinas,

132 2902 221 2968 unde
242 2899 332 2965 duno
356 2898 496 2975 Lucina,
518 2898 605 2963 sica
624 2919 698 2979 rer,
712 2904 819 2986 regius
832 2913 868 2971 et
882 2907 1020 2992 reginus.
1063 2905 1173 2973 Etiam
1197 2927 1218 2972 a

132 3009 247 3070 taurus
267 3001 351 3066 exiit
362 3007 499 3064 taureas
513 3005 545 3064 et
558 2999 721 3062 mannus.
765 3003 856 3068 Nam
869 2999 905 3070 'ut
919 3009 968 3071 ait
981 3008 1124 3084 Plinius,
1136 3007 1217 3073 refe-
1252 3021 1257 3027 ·

132 3112 225 3170 rente
240 3105 356 3169 Servio
371 3103 405 3166 in
425 3100 504 3165 AEn.
529 3115 584 3164 rx.
610 3097 854 3164 ‘derivationes
872 3121 940 3165 non
962 3105 1085 3169 habent
1104 3105 1217 3174 firmas

133 3205 277 3289 regulas,
287 3204 347 3270 sed
359 3208 484 3269 exeunt
496 3207 597 3287 prout
610 3196 801 3292 auctoribus
815 3198 946 3282 placet!
