3036 4918
325 333 370 398 22
538 309 542 318 ’
584 343 663 394 suu.
687 343 882 394 serrantur
910 343 1160 394 nrssrrrnrru

359 499 392 536 es
404 495 513 552 utroque
524 486 622 538 Malols
632 487 734 538 scilicet
750 493 778 536 et
789 485 921 550 septimio.
955 485 1107 548 Explicatur
1119 483 1238 534 Meleiss.
1273 483 1335 534 XX.
1351 484 1412 534 Bar·

359 566 405 616 tlrll
414 567 552 630 sententis,
559 567 690 616 credentis
699 567 806 618 Grecos
812 565 929 630 Septimii
939 565 1018 614 nostri
1030 565 1181 626 opuseulum
1189 563 1298 612 vertisse
1306 564 1332 611 iu
1344 564 1414 614 Gre-

359 659 415 694 csus
426 645 548 708 lingosus,
558 645 683 708 rejicitur.
712 644 852 708 Septimius
861 658 893 692 ex
903 643 999 690 Malela
1010 643 1160 704 exponitur.
1191 641 1269 690 XXI.
1279 641 1415 690 Reseilltor

359 737 437 787 porro
455 725 586 786 Bsrtlrius,
598 737 631 772 es
643 725 835 786 comporstloue
846 724 914 772 sexti
926 721 984 770 libri
996 737 1053 772 cunr
1066 722 1172 770 Mslela.
1206 721 1297 771 XXII.
1317 722 1415 770 Pretrr

359 803 426 854 lrouc
437 803 558 854 Groecnur
568 803 675 866 Dictys,
691 817 766 866 qoem
777 803 917 866 Septimips
927 802 1017 862 vertit,
1033 809 1061 850 et
1078 801 1207 852 Cretensis
1224 800 1267 850 ille
1284 802 1417 864 supposuit

359 889 475 946 tempore
489 881 611 942 Neronis,
623 881 706 930 nullus
717 881 806 930 estitit
818 881 882 930 alius
893 886 938 929 snt
948 879 1077 944 antiquior
1088 879 1162 928 istius
1173 879 1280 928 nominis
1290 879 1416 941 scriptor.

360 961 467 1011 XXIII.
475 960 642 1024 snppmtson
651 960 718 1008 hunc
730 959 828 1022 Dictpn
841 973 891 1008 nou
903 957 984 1007 fnisse
995 957 1113 1022 'l'rojsue
1128 957 1300 1022 expeditionis
1319 957 1415 1007 socium

359 1041 495 1106 probetur,
511 1045 535 1088 1.
552 1053 585 1088 ex
596 1039 724 1088 erroribus
736 1039 793 1102 ejus
804 1039 951 1088 Historicis.
985 1039 1084 1087 XXIV.
1101 1043 1124 1086 2.
1137 1039 1175 1086 Ex
1188 1037 1303 1088 Po'e‘tiris
1316 1033 1417 1099 figmeu'-

360 1123 394 1170 tis
404 1120 525 1170 historice
535 1120 568 1168 sb
580 1119 757 1182 ipsotrsditis.
791 1119 879 1168 XXV.
901 1123 927 1184 9ο.Ι
945 1117 1020 1170 Quod
1032 1117 1087 1181 jeus
1105 1125 1167 1166 tunc
1184 1117 1306 1180 'I'rojsuos
1317 1131 1417 1180 semper

359 1206 436 1250 vocat
446 1197 584 1255 Borboros.
596 1199 640 1262 qni
652 1199 725 1248 istius
737 1197 857 1248 vocabuli
870 1211 927 1246 usus
937 1197 1017 1246 serior
1028 1203 1075 1245 est.
1100 1194 1201 1244 XXVI.
1220 1203 1244 1244 c.
1256 1195 1333 1248 Quod
1341 1197 1416 1246 roar-

359 1281 449 1330 salism
463 1279 588 1341 nominet,
606 1278 792 1340 ‘corinthum'
807 1286 836 1328 et
852 1279 993 1342 Corcyrsm
1012 1275 1255 1340 ‘nolueruntque
1267 1277 1417 1338 posterioris

359 1366 421 1408 sunt
439 1359 571 1420 temporis.
610 1359 727 1408 XXVII.
749 1365 773 1408 ⁵.
790 1357 865 1410 Quod
883 1357 917 1406 ds
936 1357 1040 1406 Punicis
1059 1357 1139 1404 literis
1159 1355 1197 1403 sit
1218 1361 1247 1402 et
1265 1354 1418 1405 dlversluue

360 1437 484 1485 sermonis
499 1437 526 1485 in
537 1437 651 1486 Grrecis.
684 1436 814 1486 xxvlll.
826 1441 851 1485 d.
863 1435 937 1487 Qtrcd
948 1435 1026 1488 toties
1034 1449 1104 1483 strum
1117 1432 1193 1482 fidem
1202 1433 1378 1494 commendat,
1390 1441 1418 1484 ut

360 1518 445 1567 solent
461 1519 534 1567 main
556 1517 616 1568 oret
636 1518 760 1568 homines.
793 1518 896 1572 xxlx.
911 1517 1011 1580 Dictyn
1033 1517 1100 1566 lrunc
1122 1517 1296 1580 composuisse
1315 1515 1419 1568 ridetur

359 1595 452 1645 Prsxis
461 1611 506 1645 seu
516 1596 677 1660 Eupruldes
687 1596 827 1662 Cretensis,
836 1611 946 1661 eumque
960 1597 1054 1646 Neroni
1066 1597 1197 1656 obtulisse,
1208 1603 1237 1644 ut
1245 1595 1377 1659 premium
1386 1596 1418 1646 ab

358 1690 390 1724 eo
407 1683 616 1740 consequeretur,
629 1676 697 1741 qnod
717 1685 744 1726 et
755 1683 907 1727 consecutus
921 1682 969 1738 cst,
982 1684 1060 1740 utque
1073 1675 1253 1739 antiquitatem
1266 1673 1419 1725 mentiretur

360 1754 491 1818 scripsisse
501 1769 558 1805 esm
571 1755 652 1806 literis
664 1755 770 1805 Punicis
782 1761 809 1804 et
821 1755 846 1804 in
854 1755 976 1818 Plrilyris.
1013 1754 1102 1804 XXX.
1119 1754 1246 1817 Prologus
1259 1753 1345 1802 Latini
1357 1753 1420 1802 Dic·

359 1841 417 1896 tpos
429 1832 531 1883 ridetur
542 1835 637 1884 Grece
648 1833 757 1895 primam
766 1832 887 1896 scriptus,
900 1841 926 1882 et
937 1833 997 1882 dein
1010 1834 1101 1882 Latine
1114 1847 1211 1889 rersnr,
1223 1832 1269 1881 sed
1285 1838 1344 1895 post
1354 1833 1419 1896 sep-

360 1911 425 1960 timii
437 1918 562 1975 tempore.
595 1912 701 1963 XXXI.
718 1912 853 1976 interpres
873 1921 959 1962 tamen
978 1914 1021 1961 ille
1038 1912 1240 1963 accommodarit
1256 1925 1315 1960 euru
1329 1913 1420 1962 Latino

359 1989 460 2052 Dictyl,
470 1997 497 2039 et
508 1991 604 2040 errarit
615 1992 691 2049 luco,
702 1979 770 2056 qnod
781 1992 876 2056 Dictys
893 1991 993 2042 Punice
1009 1993 1144 2054 scripturn,
1162 2000 1189 2040 et
1206 1991 1302 2041 Grnce
1318 2003 1421 2040 versum

359 2067 448 2119 tradit.
471 2069 718 2133 XXX11.Septimii
728 2072 845 2135 Epistola
855 2072 967 2134 genuina
977 2080 1028 2135 est,
1039 2080 1214 2136 contraquam
1224 2069 1306 2118 sensit
1318 2071 1422 2120 Merce-

359 2162 413 2210 rnr,
424 2149 499 2213 cujus
512 2150 622 2200 rstioner
634 2149 798 2202 refelluntur.
830 2151 965 2201 XXXIII.
978 2153 1096 2214 Septimli
1106 2158 1169 2200 astos
1181 2163 1213 2198 ex
1226 2150 1259 2201 Q,
1267 2148 1358 2198 Aradii
1368 2151 1423 2201 llu-

358 2227 413 2289 flni,
429 2229 471 2278 cui
495 2229 635 2291 Epistolsrn
652 2229 795 2291 Inscripsit,
817 2237 896 2277 retste
915 2236 956 2277 est
977 2230 1132 2290 ludogande.
1163 2229 1287 2278 Homines
1305 2231 1424 2291 plurimis

356 2302 502 2353 nominibus
512 2307 721 2354 Constantinisno
734 2309 828 2355 saeculo
840 2307 952 2369 prediti,
968 2309 1059 2356 ultimo
1077 2309 1188 2358 maxime
1205 2309 1336 2370 designari
1354 2311 1423 2359 sole·
1515 2333 1516 2368 u

359 2381 432 2430 bont.
458 2382 584 2431 XXXIV·
601 2384 634 2434 Q.
654 2383 745 2432 Arsdii
765 2383 851 2434 Rufini
867 2394 931 2435 etas
949 2387 1095 2450 indagetur,
1112 2396 1140 2436 et
1160 2387 1258 2436 familis
1276 2388 1425 2443 ordinetur.

359 2459 472 2510 XXXV.
488 2461 628 2524 Septimius
646 2462 749 2513 ridetur
765 2463 907 2514 Senatorio
924 2463 1004 2513 fauisse
1024 2466 1165 2528 dignitatis,
1178 2465 1311 2513 familiaris
1321 2469 1424 2532 qnippe

358 2538 403 2588 isti
416 2537 517 2601 Rufino,
536 2549 564 2590 et
574 2539 641 2592 forte
653 2545 693 2591 rel
712 2545 817 2604 Bessus,
829 2545 869 2592 rel
880 2543 1041 2608 Acindynus,
1054 2545 1098 2608 qui
1110 2542 1234 2593 Praefecti
1250 2539 1354 2594 tirerrrnt
1369 2549 1424 2598 Ur.

357 2617 407 2668 bis.
440 2619 571 2671 XXXVI.
587 2623 660 2671 Vixit
677 2629 793 2688 tempore
805 2623 961 2674 Diocletiani
971 2632 998 2674 ct
1010 2626 1086 2688 penio
1105 2630 1171 2686 post,
1188 2623 1312 2684 istumque
1324 2628 1424 2677 versio.

359 2710 416 2747 uem
441 2699 505 2750 ierit
524 2701 613 2752 forsan
633 2703 692 2754 odio
711 2705 909 2755 Christianismi.
943 2704 1087 2754 XXXVII.
1106 2701 1330 2765 Errant,quienm
1342 2704 1424 2770 louge

359 2775 427 2826 infre
444 2779 639 2830 ConstmtInunr
649 2783 798 2833 demittunt.
833 2785 990 2834 xxxvrll.
1008 2785 1094 2848 Magis
1109 2791 1194 2832 sutem
1214 2781 1360 2845 Scioppius,
1376 2786 1423 2847 qni
1448 2791 1461 2818 ⁹

360 2867 419 2902 euru
429 2860 456 2901 et
467 2855 524 2914 ejus
535 2859 629 2918 stylum
645 2861 761 2920 proxlme
774 2861 805 2907 ad
819 2861 896 2908 Coru.
916 2863 1045 2923 Nepotem
1064 2862 1187 2910 secedere
1202 2869 1302 2911 censet.
1334 2863 1423 2925 Septi·

360 2932 451 2978 miaoae
470 2931 606 2982 locutionis
617 2936 736 2997 exemplu
752 2937 785 2984 ab
802 2952 858 2985 arvo
872 2939 982 3001 Nepotis
993 2941 1084 2987 alienu.
1117 2939 1249 2988 XXXIX.
1266 2939 1421 3005 VeriaSep·

293 3043 295 3050 .
362 3010 460 3059 limieni
481 3011 590 3076 Dictyos
608 3014 666 3063 loca
685 3015 863 3066 emendantur.
896 3017 953 3066 xl..
971 3017 1030 3068 Alta
1049 3019 1213 3067 vindicentur
1231 3017 1419 3082 sconjeetnris

360 3090 399 3140 cl.
411 3090 552 3154 vindingii.
584 3093 657 3143 XLI.
676 3093 806 3144 Nonnulla
820 3097 886 3144 male
897 3095 987 3146 itidem
999 3097 1031 3146 ab
1043 3111 1074 3146 eo
1086 3103 1196 3159 tentata,
1207 3111 1258 3156 nec,
1266 3098 1331 3147 sctis
1342 3099 1419 3150 iutel-

358 3170 437 3232 lccte,
448 3172 620 3233 explicentur.

329 3317 354 3360 r.
378 3301 528 3363 Drorru
552 3301 757 3385 Cretensem,
772 3308 940 3372 Idomenei
962 3310 1163 3375 Cretensium
1180 3309 1299 3388 Reguli
1313 3313 1418 3374 comi·
1516 3293 1517 3350 3

327 3407 393 3464 tem
412 3401 446 3463 in
464 3401 554 3465 bello
568 3403 727 3487 Trojano,
750 3411 847 3492 cujus
866 3411 998 3475 nomine
1016 3411 1202 3475 Historiam
1218 3410 1318 3473 istius
1339 3413 1418 3475 belli
1516 3455 1517 3484 .

327 3499 467 3564 laudant
488 3503 616 3582 passim
632 3503 744 3570 Graeci
767 3508 978 3587 Scholiastae,
993 3511 1223 3585 Grammatici,
1241 3509 1417 3588 Rhetores,
1516 3541 1517 3544 ¹

327 3601 565 3666 ¹chronicorum
588 3605 787 3688 Scriptores,
805 3611 863 3693 qui
884 3611 1015 3702 fuerunt¹
1038 3612 1182 3694 sequiori
1202 3629 1286 3686 eevo,
1302 3611 1361 3673 sed
1383 3619 1417 3674 et
1477 3683 1480 3686 ,

327 3722 423 3767 suum
438 3706 567 3768 ornavit
580 3707 726 3772 libellum
742 3711 936 3794 Septimius
951 3713 980 3775 si
995 3712 1142 3775 maxime
1157 3712 1264 3774 isthoc
1285 3711 1416 3776 nomine

326 3805 410 3867 inter
425 3805 596 3870 Idomenei
608 3810 745 3874 comites
761 3813 935 3894 quisquam
950 3812 1167 3890 exsitientes
1189 3819 1298 3875 lamen
1311 3813 1420 3895 scrip-

323 3906 415 3976 sisse
429 3913 462 3970 et
476 3908 621 3988 posteris
636 3912 825 3993 prodidisse
840 3923 952 3978 certus
967 3934 1051 3979 sum.
1097 3913 1187 3991 Quin
1199 3910 1418 3978 mirorsuisse

327 4002 483 4069 Eruditos
504 4028 581 4084 oum
605 4010 717 4094 hujus,
731 4021 800 4079 turn
824 4017 973 4098 pristinae
1001 4017 1120 4091 celatis,
1135 4013 1255 4095 quibus
1281 4033 1419 4097 persua·

325 4101 397 4165 deri
413 4109 524 4184 potuit
539 4115 609 4172 tem
625 4113 753 4196 antiqui
769 4135 848 4180 vere
861 4116 1005 4180 hominis
1021 4133 1107 4192 esse,
1124 4114 1215 4196 quod
1230 4133 1270 4178 eo
1284 4115 1416 4180 nornine
