3036 4918
448 847 553 936 oa
602 850 855 944 meru
908 855 1230 969 camec,

543 1141 621 1209 EX
656 1143 892 1212 JOANNE
927 1149 1138 1218 VOSSIO

629 1317 679 1367 DE
694 1317 899 1371 flmmalcrs
915 1319 1059 1372 officis.

304 1775 506 1870 Quaruon
528 1806 585 1870 isti
617 1802 659 1870 ad
677 1804 827 1891 Trojano
845 1811 997 1890 tempora
1019 1804 1208 1881 reseruntur,
1221 1801 1388 1886 Sisyphus
1462 1811 1465 1820 ’

304 1902 410 1983 cons,
439 1907 617 1984 CoriunuS,
647 1909 754 1972 Dares
787 1907 965 1991 Phrygius,
991 1917 1024 1970 et
1060 1907 1179 1990 Dictys
1208 1904 1388 1970 Cretensis.

305 2005 472 2088 Sisyphus
499 2009 601 2084 (lons,
626 2016 664 2072 ut
689 2011 790 2087 aiunt,
819 2010 940 2076 Teucri
966 2009 1076 2074 scriba
1101 2007 1176 2084 luit,
1205 2025 1246 2070 ac
1270 2023 1324 2068 res
1342 2001 1388 2065 ad

306 2103 406 2168 llium
428 2116 539 2186 gestas
567 2109 694 2192 primus
719 2109 825 2174 literis
847 2109 1072 2192 consignavit:
1095 2127 1140 2171 ex
1162 2125 1204 2170 eo
1221 2111 1332 2170 autom
1355 2109 1390 2166 et

306 2205 409 2289 Dicty
424 2206 585 2286 Cretensi,
602 2209 770 2275 Homerus
792 2211 903 2275 hausit
917 2229 993 2292 queo
1015 2207 1155 2284 cecinit3
1178 2207 1207 2268 si
1226 2203 1391 2270 credimus

304 2303 428 2370 Joanni
445 2307 559 2372 Meleli
576 2309 854 2390 chronograph03
877 2327 921 2371 ex
938 2326 1006 2388 quo
1021 2305 1053 2368 id
1068 2306 1165 2370 refert
1178 2305 1201 2369 J
1204 2323 1281 2369 oan-
1292 2305 1393 2368 Tuet-

306 2421 374 2480 aes,
390 2405 476 2468 Chil.
492 2423 526 2467 v.
542 2407 634 2469 Hist.
649 2406 703 2469 aa,

349 2500 405 2565 Ah
422 2504 496 2567 aliis
519 2511 624 2567 autem
642 2505 768 2587 primus
784 2503 907 2568 dicitur
923 2504 1098 2579 Coriunus,
1113 2501 1307 2566 Palamedis
1321 2503 1393 2566 dis*-

306 2602 451 2684 cipolus,
469 2605 605 2668 durante
622 2607 804 2670 etiamnum
821 2607 909 2670 bello
922 2604 1079 2687 Trojano,
1091 2601 1232 2666 Iliadem
1247 2601 1394 2665 carmine

307 2703 509 2782 modulatae,
533 2713 632 2790 atquo
655 2708 694 2772 id-
713 2707 819 2771 literis
840 2707 973 2771 Doricis
996 2724 1017 2768 a
1039 2702 1218 2768 Palamede
1240 2701 1394 2764 inventis.

308 2805 456 2870 Dardani
470 2826 603 2886 quoque
625 2827 768 2888 pugnam
787 2809 949 2870 adversus
973 2805 1206 2888 Paphlagonas
1228 2821 1394 2884 exposue-

307 2907 367 2980 rit3
389 2923 554 2983 omneque
569 2904 713 2983 poeseos
729 2923 800 2970 suae
817 2911 1039 2984 argumentum
1050 2922 1144 2965 exeo
1159 2902 1304 2965 hauserit
1320 2902 1393 2965 Ho-

308 3020 431 3074 meruS,
443 3008 477 3064 ut
492 3004 594 3064 aiunt.
638 2999 769 3065 Auctor
780 3002 903 3066 Suidas
919 3003 952 3065 in
969 2998 1102 3085 Kolarina

353 3101 461 3176 Dares
478 3100 653 3183 Phrygius,
671 3102 825 3166 sacerdos
839 3102 1070 3186 Trojanus,ab
1085 3101 1235 3166 Homero
1246 3103 1394 3166 celebra-

308 3209 363 3264 tur
379 3200 421 3264 Il.
445 3209 482 3264 Ε.
529 3201 611 3286 Ejus
636 3202 815 3285 Phrygiam
841 3202 984 3266 iliadem
1005 3221 1068 3266 sua
1093 3205 1272 3266 etiamnum
1292 3209 1393 3268 aetate

310 3304 475 3374 extitisse,
491 3305 539 3364 ait
553 3304 706 3364 AElionus
721 3304 779 3366 lib.
797 3319 851 3366 xr.
869 3301 947 3364 Var.
967 3302 1059 3366 Hist.
1074 3321 1150 3384 cap.
1174 3304 1225 3365 ll.
1269 3301 1322 3365 De
1336 3322 1395 3366 eo·
1452 3367 1459 3382 „

311 3402 385 3463 dem
415 3401 464 3463 sic
489 3401 629 3464 Photius
657 3401 850 3465 Patriarcha
874 3402 907 3464 iu
930 3401 1090 3466 Biblioth.
1116 3403 1201 3466 Cod.
1221 3419 1313 3466 cxx·
1336 3404 1396 3467 ubi

311 3508 473 3583 excerpta
485 3501 580 3564 affert
597 3521 639 3564 ex
650 3503 826 3567 Ptolemaei
842 3501 1096 3586 Hephaestionis
1111 3523 1199 3568 nova
1211 3503 1254 3567 ad
1268 3505 1396 3568 variam

312 3603 530 3666 eruditionem
546 3602 706 3666 historia:

354 3699 533 3787 Ἀντίπατρος
546 3698 578 3762 δέ
590 3705 701 3778 Φησινὸ
724 3700 875 3782 Ἀκάνθιος,
891 3703 1010 3788 deipara
1027 3703 1079 3789 spi
1101 3703 1225 3790 Ὁμήρου
1240 3703 1396 3788 γράψαντα

312 3805 361 3878 ’τὴν
374 3802 496 3875 Ἰλιάδα,
514 3805 640 3884 μνήμονα
656 3803 783 3888 γενέσθαι
800 3805 947 3890 Ἓκτορῡς,
962 3806 1028 3890 ὑπὲρ
1042 3811 1090 3868 τοῦ
1105 3808 1145 3885 μὴ
1165 3806 1269 3868 ἀνελεῖν
1290 3807 1397 3890 ἑταῖρον

313 3901 483 3988 Ἀχιλλέως,
505 3903 711 3988 ‘Antipater
725 3904 908 3971 Acanthius
932 3909 1040 3985 refert,
1059 3908 1225 3982 Daretem,
1248 3906 1396 3986 quiante

317 3999 495 4068 Homerum
507 4005 645 4069 Iliadem
661 4009 875 4090 conscripsit,
894 4009 1088 4072 monitorem
1104 4007 1207 4071 luisse
1224 4005 1395 4082 Hectoris,

316 4111 549 4187 auctoremque
564 4127 605 4170 ne
620 4107 759 4173 Achillis
774 4111 898 4174 socium
911 4108 1132 4175 interimeret!
