3044 4896
314 323 377 390 188
556 301 562 314 ’
658 321 822 387 'nrcrros
846 335 1050 384 cnnrnrrsrs

314 501 367 546 ros
382 489 445 548 eo⁵
467 483 589 549 babere
604 481 703 546 ddern'
718 481 904 558 ridebatur,
927 479 1083 563 quoniam
1105 476 1175 562 jam
1200 496 1335 545 summa
1356 483 1404 547 re'-

313 599 384 648 rum
409 583 649 667 'l’rojouarnm‘'
671 600 775 666 prope
796 599 953 646 occasum
983 581 1063 643 erat‘.
1107 577 1234 642 Omnes
1264 599 1407 664 nomque

314 682 409 748 Asine
431 685 595 760 civitates,
623 687 788 746 execratus
816 679 999 745 amicitiam
1031 677 1288 757 Priamidorum‚
1314 681 1404 747 uitro

313 765 411 848 nobis
433 785 597 850 auxilium
625 783 904 865 societatemque}
917 780 998 846 belli
1028 778 1230 850 offerebant}
1257 784 1332 864 qnis
1360 785 1403 847 ab

314 885 459 950 ducibns
486 885 609 950 nostris
638 883 800 966 benigne?
822 881 1095 966 respondebatur,
1122 881 1208 946 'satis
1236 885 1305 948 sibi
1331 871 1404 948 esse

314 987 525 1071 presentium
539 984 720 1068 copiarum,
732 1001 840 1066 neque
855 983 1054 1048 auxiliorum
1071 1001 1167 1064 egere
1181 990 1209 1044 :t
1224 985 1404 1049 amicitiam
1481 979 1487 986 ”

314 1103 396 1150 sane
419 1103 518 1167 quam
547 1081 722 1162 offerrent,⁶
745 1085 1011 1166 voluntatemque
1039 1087 1154 1146 eorum
1179 1081 1251 1146 fore
1275 1091 1403 1165 gratum

316 1187 492 1251 omuibus:
514 1185 642 1250 scilicet
656 1184 738 1266 quie
751 1185 845 1247 fluxa
858 1183 966 1259 fides:
988 1187 1022 1246 et
1043 1181 1144 1246 animi
1167 1187 1283 1266 parn'm
1306 1201 1404 1265 spec-

316 1289 386 1364 tati,
427 1305 535 1371 neque
565 1293 636 1351 tem
665 1286 791 1350 subite·
805 1285 946 1349 mutatio
982 1284 1053 1347 siue
1081 1283 1161 1348 dolo
1196 1285 1404 1348 credebatur.

315 1388 377 1471 [4.]
386 1388 532 1470 Jamque
546 1387 676 1450 exactis
691 1385 848 1465 hybernis
858 1383 1075 1460 mensibus,⁷¹
1090 1402 1150 1448 ver
1161 1384 1319 1468 coeperat,
1330 1401 1404 1448 cnm

316 1487 424 1563 Graii,
437 1487 548 1550 edicto
562 1486 655 1568 prius
663 1485 711 1548 uti
723 1483 830 1548 omnis
842 1485 938 1548 miles
948 1485 984 1548 iu
996 1487 1206 1564 armisesset,
1218 1505 1301 1550 mox
1312 1487 1404 1566 signo

315 1587 393 1650 belii
407 1585 509 1661 editu,
523 1587 708 1676 exercitum
730 1585 765 1647 in
786 1588 916 1669 campis
940 1586 1138 1669 productum
1153 1588 1326 1652 ordinant:
1348 1605 1404 1650 ne·

315 1685 401 1768 que⁸
423 1706 445 1750 a
472 1685 628 1770 Trojanis
652 1685 783 1768 segnius
809 1687 977 1768 agebatne
1023 1688 1129 1770 Igitur
1153 1689 1213 1752 ubi
1236 1689 1402 1770 utrimque

315 1783 486 1852 instmctoe
498 1790 590 1852 acies
599 1787 776 1852 adversum
787 1805 991 1869 processere,
999 1795 1099 1871 etque
1109 1790 1200 1852 intre
1209 1788 1268 1852 teli
1275 1789 1405 1871 jactum

316 1893 446 1953 rentum
470 1895 533 1965 est,
556 1888 719 1952 'cohortati
742 1892 821 1951 suos
843 1889 986 1971 quisque
1012 1909 1129 1954 manus
1150 1895 1337 1964 conserunt,
1372 1889 1405 1949 in

318 1987 429 2051 medio
444 1989 563 2053 locatis
576 1988 757 2072 equitibus.
771 1996 807 2052 et
820 1991 864 2054 ob
879 1990 913 2055 id
930 1991 1044 2073 primis
1058 1992 1258 2073 congressis.
1302 1990 1406 2054 Tum·

316 2105 381 2168 quo
390 2088 532 2168 primum
544 2107 638 2170 reges
649 2089 781 2152 nostri⁹
796 2093 895 2174 atque
906 2089 1066 2168 bostium,
1079 2091 1229 2156 ascensis
1239 2091 1403 2166 curribus,'

316 2183 585 2266 bellumiocum,
613 2189 721 2253 ascito
751 2189 818 2253 sibi
846 2190 988 2272 quisquo
1016 2191 1147 2274 arurigat
1166 2191 1213 2255 'ad
1241 2191 1405 2271 regendos

316 2301 431 2368 equos.
487 2289 555 2353 Sed
579 2291 708 2372 primns
734 2289 879 2354 omnium
907 2289 1091 2356 Diomedes
1117 2293 1267 2357 invectus
1299 2291 1406 2354 Rbesi

316 2387 429 2468 'equis¹
454 2387 679 2470 Pyraeobmem
691 2395 727 2426 ²⁰
749 2409 857 2470 regem
873 2389 1032 2456 Paeonum
1048 2391 1147 2456 basta
1160 2392 1265 2460 fronte
1280 2391 1384 2456 icium
1394 2399 1406 2436 ³¹

771 2551 947 2575 ΟΜΙΝΜΟ

316 2663 443 2725 postscret
454 2665 558 2716 exbibet
570 2681 647 2718 voees
655 2668 732 2732 primo
743 2669 879 2731 prolia-b
897 2668 1019 2733 vinding.
1030 2670 1141 2720 iden-d
1153 2671 1217 2718 Post
1228 2667 1350 2720 offerrent
1362 2684 1405 2718 ex·

314 2725 387 2776 bibet
400 2729 492 2792 Delpb.
503 2745 581 2780 voees
592 2733 655 2780 ultro
666 2735 839 2795 suscipere-t
858 2733 939 2783 Deest
949 2747 1001 2782 vox
1012 2733 1128 2782 maribus
1138 2734 1164 2781 iu
1173 2733 1324 2808 ’ὓςΙρΙι-ὓ
1341 2733 1405 2783 Post

314 2803 388 2851 nme
398 2793 505 2842 exbibet
528 2797 622 2858 Delon.
641 2811 686 2870 ωἸ
696 2804 725 2845 et
741 2811 800 2844 uror
820 2797 1009 2864 agedunum-9
1025 2797 1122 2859 Deion.
1139 2811 1212 2857 preme
1230 2801 1405 2847 mmmm.-

315 2855 511 2964 hemuza:
522 2871 597 2930 voces
610 2859 686 2906 Rbers
701 2861 765 2920 equis
782 2861 808 2907 in
826 2861 972 2936 ῌοΙρΙι.-8
990 2862 1085 2922 Deipir.
1098 2860 1261 2936 Pyrccbmen.
1274 2875 1342 2936 ‘mox
1359 2877 1404 2924 pro

431 2949 440 2976 ‚
499 2932 523 2979 g.
536 2922 656 2967 cuonem.
682 2921 748 2968 Mes.
760 2921 943 2972 Paestana-t
962 2923 1056 2985 Delpb.
1068 2923 1210 2977 hartmoto.
1229 2937 1324 2973 omrsss
1344 2937 1402 2973 voce

802 3061 908 3113 NOTAE

345 3177 357 3201 ⁰
369 3167 467 3218 Sam
477 3183 555 3220 rerum
563 3171 728 3242 Remorum]
744 3175 838 3236 Deest,
878 3187 934 3222 rom
942 3189 1005 3238 opes
1011 3181 1038 3224 et
1045 3175 1138 3224 auxilia
1146 3187 1311 3228 recusarent:
1324 3181 1406 3232 ‘Quia

314 3243 374 3292 ‘res
385 3243 402 3291 τ’
417 3244 531 3295 ‘somma
543 3261 583 3296 res
593 3245 695 3296 rerum!
727 3247 790 3312 Ejus
803 3249 838 3298 ei·
877 3248 997 3311 seiiieet‚’
1007 3250 1056 3300 dre.

313 3319 409 3382 iipseos
426 3333 478 3367 non
499 3321 670 3371 meminerunt
688 3322 736 3371 riri
760 3322 839 3386 docti,
910 3325 1063 3388 'Hybmbl
1079 3325 1186 3389 Supple,
1197 3329 1404 3390 tempestatibus,

313 3393 356 3454 qui
379 3391 441 3438 ittcd
463 3401 641 3453 argumentum
663 3407 696 3441 ex
722 3395 839 3456 professo
877 3398 1017 3446 mensibus.

315 3470 467 3513 tractarunt.
489 3465 534 3514 Sic
544 3465 618 3528 virg.
630 3467 638 3494 ‘
651 3467 760 3518 Quo'res
772 3483 839 3518 sum·
908 3474 916 3504 ⁸
932 3472 1039 3536 Auriga]
1061 3475 1133 3526 Tunc
1145 3477 1266 3542 temporis
1278 3457 1404 3530 nobilissi'

313 3537 589 3599 msioco,l’antberr?'
876 3561 946 3594 mutu
969 3557 1024 3597 erat
1047 3551 1190 3614 aurigarum
1211 3550 1344 3615 officium
1374 3563 1404 3605 nt

345 3621 358 3656 a
377 3613 497 3678 Benigne]
537 3617 697 3666 Recusantes
716 3616 839 3667 dicebant
877 3621 971 3685 passim
984 3636 1017 3671 ex
1026 3623 1141 3675 Homero
1152 3633 1250 3676 certum
1262 3637 1313 3678 est.
1336 3629 1403 3680 Inde

312 3688 454 3752 ‘benigne'
468 3691 510 3739 vel
523 3690 623 3754 ‘bene,'
634 3697 662 3740 ut
673 3689 760 3742 Graeci
773 3691 837 3742 lida-
877 3696 1013 3760 Horatius:
1032 3699 1082 3748 ‘Et
1092 3700 1225 3751 Sthenelus
1237 3704 1322 3753 sciens
1333 3705 1402 3767 Pug-

312 3773 395 3825 λιστα,
411 3765 558 3827 esttenete.
877 3785 927 3834 nae,
952 3772 1006 3822 tire
1021 3788 1086 3838 opus
1100 3783 1143 3826 ert
1159 3777 1309 3841 imperitare
1322 3781 1402 3842 equis,

345 3840 612 3901 thqaeuuur'lionm‘s
628 3843 708 3906 egere]
730 3845 838 3908 supple,
877 3845 1141 3912 Nousarigapiger!
1360 3893 1362 3898 .

313 3913 471 3982 {egestatem
482 3915 506 3974 ;’
529 3917 623 3981 ‘egeo’
641 3922 715 3969 euim
724 3922 836 3971 activum
908 3922 1101 3986 warochum]
1121 3925 1172 3973 Sed
1184 3939 1241 3974 eam
1253 3941 1267 3975 a
1279 3925 1402 3976 Patroclo

314 3993 363 4034 est.
602 4007 606 4013 ’
875 3999 987 4048 occisum
1008 4001 1097 4048 scribit
1118 4000 1247 4049 Timolaus
1272 4001 1385 4051 Macedo
1394 4019 1408 4065 3,

346 4065 355 4090 ¹
366 4059 463 4142 Scilicet
468 4061 523 4122 quic
522 4063 594 4124 fleca
594 4066 672 4130 fides]
682 4069 768 4121 verbs
775 4087 836 4122 auc·
876 4071 1003 4122 referente
1014 4073 1157 4132 Euststbio‚
1168 4073 1193 4121 in
1203 4075 1300 4138 odyss.
1307 4081 1335 4132 b.
1355 4076 1402 4125 Ni-

314 4131 386 4195 teris,
402 4131 538 4183 rudiceutis
555 4151 602 4185 eur
612 4139 698 4190 Greci
710 4142 835 4195 Asiatico·
875 4149 966 4196 mirum
977 4159 1010 4196 ex
1023 4147 1100 4198 Hom.
1113 4146 1146 4196 ΙΙ.
1155 4153 1184 4196 n.
1196 4151 1253 4198 28⁷.
1265 4150 1298 4200 de
1312 4153 1400 4202 Patro·
