3044 4896
274 268 279 275 ’
386 293 434 340 nn
458 291 579 340 nuntio
602 292 774 344 nnosnuo
800 296 870 346 crs.
894 298 946 347 ιν.
1140 286 1207 354 215

111 431 217 502 fidens
232 433 268 496 in
284 451 426 514 pugnam
441 436 561 519 pergit,
575 456 678 501 cornu
693 437 810 508 dextro
824 439 1017 523 sagittariis,
1027 440 1132 506 altero
1146 463 1206 526 pe·

111 533 237 602 ditibus
261 533 438 614 instructo,
465 537 597 602 medios
620 538 753 622 equites
775 540 937 606 collocat:
960 542 1083 625 inquis
1102 543 1204 627 ipsa.⁴

112 632 235 698 Contra
251 634 295 696 ab
310 635 432 732 nostris
449 636 495 701 ita
510 655 697 718 occursum,
712 647 751 704 ut
765 641 946 723 sagittariis
962 643 1137 732 Menelaus
1152 645 1203 710 rat-¹

110 756 176 818 que
191 734 350 817 Ulysses,
369 744 402 802 et
426 758 500 804 cum
527 739 659 806 Teucro
687 741 868 824 Meriones,
892 747 1063 829 peditibus
1076 746 1203 829 Ajacss

110 839 192 916 duo,
208 838 405 916 Diomedes,
420 839 664 921 Agamemnon,
676 843 906 926 Tlepolemus,
918 855 955 912 et
965 867 1040 912 cum
1050 847 1202 912 Ialmeno

113 937 328 1020 Ascalaphus
341 949 602 1022 opponerentur3
625 945 659 1008 in
673 944 804 1027 equites
819 946 862 1010 ab
876 943 1006 1011 Achille
1020 952 1054 1010 et
1067 947 1203 1029 reliquis

109 1038 256 1102 ducibus
271 1048 484 1120 pugnaretur.
528 1043 608 1108 Hoc
630 1045 731 1110 modo
755 1047 915 1111 instructo
930 1047 1093 1129 utrimque
1107 1066 1202 1112 exer·

111 1141 191 1218 citu,
203 1139 396 1206 conflixere
414 1142 523 1208 ecies:
547 1145 673 1212 cadunt
689 1147 819 1228 sagittis
836 1148 957 1229 regium
979 1147 1122 1232 plurimi,
1145 1166 1202 1213 nee

110 1259 173 1322 que
197 1242 242 1304 ab
264 1240 400 1306 Teucris
426 1263 527 1309 secus
552 1245 721 1310 bellatum.
767 1247 903 1310 Interim
922 1244 1060 1328 Ajaces,
1085 1248 1201 1328 etqui

111 1358 187 1404 oum
201 1342 256 1404 his
272 1349 376 1420 erent,
387 1342 522 1426 pedites
538 1350 653 1408 contre
667 1364 752 1426 qnos
767 1351 934 1410 steterant
947 1345 1137 1421 caedere,ac
1150 1364 1201 1408 re·

111 1449 266 1508 stantes⁵
287 1443 456 1510 detrudere
482 1446 694 1521 umbonibus,
717 1464 861 1528 moxque
886 1445 1039 1528 repulsos
1066 1446 1202 1508 obtrun-

110 1561 197 1608 care.
271 1543 389 1626 Neque
416 1545 528 1628 quoad
557 1544 692 1610 deletae
713 1545 865 1627 peditum
892 1547 1012 1630 copiae,
1047 1545 1123 1610 finis
1152 1544 1202 1608 fit.

110 1642 172 1726 [3.]
195 1643 269 1707 At⁶
284 1643 438 1709 Achilles
454 1645 700 1728 interequitans
715 1653 842 1710 tunnas
855 1646 1100 1713 Penthesileam
1120 1664 1201 1710 nac-

110 1743 192 1820 tus,¹¹
213 1745 311 1808 basta
336 1747 442 1826 petit:
464 1750 573 1828 neque
602 1743 770 1812 difficilius
794 1766 894 1829 quam
915 1747 1086 1812 foeminam
1111 1767 1203 1830 equo

110 1842 273 1921 deturbat,
295 1865 398 1910 mauu
419 1845 700 1928 comprehendens
726 1865 836 1922 coma,
860 1853 961 1928 atque
986 1846 1036 1910 ita
1059 1847 1201 1926 grauiter

109 1943 312 2010 vulneratam
328 1946 513 2012 detrahens.
560 1944 664 2023 Quod
677 1946 734 2010 ubi
750 1946 857 2010 uisum
873 1951 939 2022 est,
954 1950 1023 2010 tum
1038 1963 1119 2009 vero
1130 1945 1203 2008 nul·

108 2045 176 2110 lam
190 2066 284 2128 spem
300 2047 335 2110 in
350 2048 451 2112 armis
466 2046 540 2124 rati,
555 2046 666 2129 lugam
687 2046 824 2132 iaciunt.
867 2045 1066 2130 clausisque
1081 2047 1202 2110 civita·-

109 2148 152 2212 tis
166 2149 285 2231 portis,
300 2150 404 2214 nostri
423 2148 580 2231 reliquos,
596 2166 685 2230 quos
700 2148 780 2228 suga
794 2143 896 2210 belloi
917 2154 1096 2223 exemerat,
1111 2149 1201 2234 inse-

111 2251 178 2314 cuti
204 2250 427 2314 obtruncant:
448 2249 594 2316 foeminis
618 2255 728 2312 tamen
755 2249 963 2313 abstinentes
985 2267 1101 2312 manus
1123 2267 1200 2328 par·

113 2356 292 2431 centesque
308 2350 415 2412 sexui.
459 2349 546 2412 Dein
561 2349 613 2413 uti
629 2350 769 2432 quisque
786 2347 1098 2425 victor,interlectis
1113 2359 1218 2430 quos·

110 2451 284 2516 adversum
298 2444 392 2530 ierat,
407 2451 662 2532 regrediebatur,
677 2450 923 2516 Penthesileam
939 2450 1046 2514 uisere
1062 2451 1200 2514 semine·

108 2570 180 2614 cem
198 2553 297 2614 etiam
314 2571 411 2628 nnnc,
428 2551 650 2634 admiratique
666 2553 850 2616 audaciam.
895 2553 951 2615 Ita
966 2551 1058 2614 brevi
1071 2552 1114 2613 ab
1130 2570 1199 2614 om·

108 2654 207 2716 nibus
221 2653 255 2715 in
270 2651 411 2714 eundem
426 2651 538 2713 locum
553 2670 761 2728 concursum,
770 2645 1040 2732 placitumque⁷¹t
1055 2649 1103 2711 uti
1117 2669 1198 2730 quo-

569 2825 746 2846 contuente

107 2963 153 3008 -5
175 2956 238 3020 Arg.
250 2954 314 3006 Cod.
326 2955 522 3004 resistentes—ti
537 2953 674 3004 omittitur
687 2943 777 3004 vocula
787 2957 813 3004 ut
830 2955 855 3004 in
873 2954 969 3020 Delph.
981 2961 1008 3004 et
1020 2969 1078 3004 mox
1091 2953 1197 3004 exhssret

107 3024 251 3071 comum-⁷
269 3019 299 3068 In
312 3020 405 3070 Petav.
416 3018 480 3069 Cod.
489 3020 646 3084 potatumque.
671 3019 783 3072 Mereor.
800 3019 935 3086 legendum
948 3027 1021 3084 putet
1038 3025 1199 3082 actamque.-

598 3181 707 3232 NOTAE

108 3293 194 3350 latrix,
205 3293 336 3356 audetque
349 3290 409 3339 uiris
420 3301 574 3338 concurrere
586 3289 635 3338 ulr-
675 3289 736 3336 dum
747 3290 901 3350 ‘actumque
911 3286 928 3336 τ’
944 3287 992 3335 hoc
1003 3291 1051 3346 ent,
1060 3286 1198 3335 ‘delibere-

107 3368 158 3432 go!
190 3369 240 3418 Ubi
261 3367 384 3418 Seruius:
409 3365 557 3415 ‘Homerus
579 3365 635 3414 bac
674 3363 748 3413 tunn’
788 3362 910 3412 Nondum
931 3362 998 3410 enim
1021 3361 1046 3410 id
1062 3361 1200 3412 decretum

107 3447 200 3508 tacuit,
215 3460 273 3508 quae
283 3442 352 3494 facta
365 3449 424 3492 eunt
440 3447 499 3506 poet
510 3441 634 3492 Hectoris
675 3447 740 3498 erat,
749 3440 832 3489 donec
842 3437 992 3499 Diomedes,
1001 3438 1095 3502 rogatis
1104 3436 1199 3486 ducum

106 3519 235 3571 moutarn.⁹
673 3515 820 3578 sententiis,
843 3516 867 3564 id
887 3513 944 3564 llari
962 3515 1071 3564 curavit.
1095 3515 1198 3563 Mercer.

138 3595 152 3628 ¹²
168 3593 340 3641 Penthesileam
349 3599 440 3655 noctur,
449 3592 504 3656 rsa]
521 3593 634 3644 Penthe·
673 3596 729 3657 Ego
739 3595 802 3643 nibil
817 3592 964 3642 mutandum
981 3597 1062 3654 puto:
1079 3590 1200 3652 placebat

106 3670 198 3718 sileam
224 3666 256 3713 ab
277 3666 376 3715 Achille
397 3672 506 3718 occisum
527 3677 634 3718 narrant
673 3671 789 3720 omuibus
803 3683 860 3718 eam
874 3670 901 3717 in
918 3666 1013 3716 flumen
1031 3664 1200 3728 precipitari,

107 3743 271 3809 Lycophron,
289 3740 401 3790 Quintus
419 3743 539 3797 Calaber.
555 3745 632 3793 'l'uet-
673 3745 719 3794 sed
732 3744 848 3794 Achilles
856 3758 912 3792 eam
921 3741 1032 3806 sepelire
1040 3739 1196 3800 souchetum

106 3835 156 3881 aee,
169 3819 286 3868 Enstatb.
297 3815 410 3876 Servius,
419 3819 467 3864 dte.
493 3819 568 3867 Soloe
578 3821 632 3868 Da·
673 3834 731 3868 cum
743 3818 895 3879 Diomedes,
904 3819 957 3866 alte
967 3815 1132 3878 vocerogetis
1141 3828 1196 3864 ren·
1237 3857 1241 3868 .

109 3911 149 3945 res
159 3891 357 3954 eamel’yrrbo
368 3891 477 3940 occisam
488 3892 559 3942 dicit.
631 3919 634 3926 v
673 3895 771 3954 tentiis,
795 3907 851 3941 earn
871 3892 897 3939 iu
919 3890 1102 3940 Scamandrum
1121 3891 1195 3952 jacit.

144 3969 241 4032 lBello]
270 3967 314 4016 Sic
335 3979 439 4028 semper
459 3965 569 4029 Dictys3
584 3981 632 4031 pro
673 3969 723 4020 Sed
735 3966 875 4017 haecallter
885 3965 1100 4026 narratTnetzee,
1109 3967 1134 4015 in
1148 3967 1196 4030 Ly·

111 4043 314 4110 pagumpralio.
672 4046 793 4108 sophron.
803 4044 840 4092 ait
849 4042 925 4096 euim,
934 4041 1120 4104 seuttteqeun
1129 4043 1197 4092 Pen-

143 4117 338 4182 tenerumque]
349 4117 386 4166 Ut
395 4115 512 4167 videatur
521 4116 632 4166 scriben·
673 4118 963 4174 tneeibnnnectdmet,
981 4116 1158 4172 fortitudinem
1171 4133 1198 4166 e·
