3044 4896
298 309 363 376 m
646 318 808 366 mauros
832 315 1038 366 oaa'rnusrs

298 467 356 532 nbi
379 481 439 530 eos
463 467 579 530 contra
599 479 637 526 se
659 459 795 526 tendere
818 461 954 544 paratos
980 454 1081 522 armis
1104 459 1205 536 atque
1231 455 1394 520 animis⁷·

297 571 435 650 sterque
449 561 619 629 exercitus
632 559 879 634 animaduertit,
895 558 990 641 signo
1004 555 1084 620 dato
1099 553 1260 618 recedunt
1271 557 1394 620 cuncti.

298 665 382 752 [tu]
401 665 545 750 Jamque
560 668 696 745 uterque
712 659 814 743 pleno
839 657 944 740 gradu
965 655 1146 720 advorsum
1169 653 1328 720 incedens
1349 657 1400 719 in·

299 779 352 836 tm
368 765 496 848 ρὀοῒοιο
512 763 575 828 teli
588 765 813 847 pervenerant,
836 779 911 824 cum
927 755 1122 822 Alexander
1135 755 1322 838 praeuenire
1337 775 1397 820 ou·
1451 813 1454 819 .

299 866 407 948 piens,
422 866 586 948 simulque
611 861 724 928 ratuni
745 861 854 944 primo
875 857 982 944 jaculi
1004 862 1124 922 eventu
1142 857 1252 920 locum
1267 857 1397 928 vulneri

298 967 517 1052 inventurum,
538 962 714 1047 proemittit
739 961 881 1036 hastam,
906 976 1012 1040 eaque
1034 954 1127 1020 illisa
1152 955 1396 1048 clypeofacile

300 1063 449 1144 clecrrsrra¹
469 1069 544 1126 est.u
589 1060 678 1126 Dein
707 1057 884 1123 Menelaus
912 1075 1033 1137 magno
1058 1057 1186 1138 impetu
1212 1055 1397 1137 jaculatur,

298 1161 390 1230 hand
413 1181 493 1226 sane
517 1161 672 1227 dissimili
690 1179 794 1226 casu:
816 1175 961 1241 namque
975 1163 1094 1239 parato
1111 1154 1184 1238 jam
1207 1157 1250 1220 ad
1274 1175 1400 1222 caven-

301 1265 392 1342 dum,
405 1265 574 1348 ictumque
598 1261 785 1327 declinante
809 1259 917 1337 hoste,
939 1258 1044 1322 telum
1058 1257 1152 1320 humi
1172 1255 1306 1338 figitur.v
1349 1254 1401 1319 At

301 1366 359 1430 ubi
374 1365 469 1430 novis
479 1362 626 1446 jaculisw
635 1371 752 1426 manus
764 1363 937 1442 utriusque
948 1358 1145 1424 redarmatur
1159 1362 1249 1432 sunt,
1258 1363 1402 1440 pergunt

301 1461 461 1528 eontra:⁸
484 1473 554 1526 tum
583 1460 719 1525 demum
729 1459 933 1538 Alexander,
952 1460 1041 1524 ictns
1062 1457 1179 1535 femur,
1201 1457 1337 1521 caditr¹
1358 1449 1400 1520 a'c

302 1583 344 1628 ne
359 1581 443 1626 mox
456 1562 547 1628 hosti
560 1561 723 1626 ultionem
737 1581 814 1626 cnm
829 1559 960 1625 summa
981 1559 1088 1642 gloria
1103 1558 1312 1635 concederet,
1325 1575 1402 1640 pes·

301 1663 388 1728 simo
410 1662 568 1745 exemplo
584 1663 802 1726 intercessum
817 1669 880 1726 est.
924 1659 1016 1727 Nam
1039 1679 1117 1726 cum
1138 1659 1181 1724 nd
1202 1657 1401 1722 interficien-

303 1761 381 1826 dum
406 1779 483 1826 eum
506 1761 628 1828 educto
652 1761 766 1844 gladio
787 1767 962 1844 prorueret
985 1759 1173 1839 Menelaus,
1193 1777 1238 1824 ex
1265 1758 1401 1824 occulto

765 1939 947 1962 MWOO

269 2127 273 2136 Δ
307 2071 446 2136 legendum
457 2070 844 2136 conjiclapsretorsmiupse.
877 2019 1117 2138 Morproimdesr
1128 2068 1194 2135 legit
1205 2027 1404 2134 Bephourea.

798 2235 907 2288 NO'l'AE

308 2345 439 2410 Μενέλαος,
454 2347 608 2412 ‘mirera-
616 2347 718 2398 tseolts
728 2347 834 2410 Ὀφθολ·
873 2354 959 2400 ants·
971 2362 1026 2398 sors
1037 2346 1091 2396 cito
1103 2343 1185 2395 exiit’

305 2425 385 2483 μοῖοιν
395 2421 455 2471 tosr
470 2421 533 2484 ρΔεο
543 2423 590 2484 γὰρ
604 2421 714 2471 τίοοοθοο
724 2421 831 2482 Maleas.
905 2432 917 2457 ⁸
939 2425 1018 2486 anue
1036 2423 1100 2472 illiso
1116 2423 1195 2484 clypeo
1208 2417 1286 2480 focile
1306 2421 1403 2469 decursa

303 2498 367 2546 ‘Sic
390 2497 492 2560 gaviam
511 2505 552 2546 est
571 2495 704 2546 Menelaus
720 2496 832 2546 Alexan·
871 2497 921 2562 est]
938 2499 978 2546 Ex
989 2497 1123 2546 Homero:
1142 2492 1187 2543 ital
1197 2492 1404 2557 atae’srpslteo

306 2574 382 2622 drnrn
401 2572 457 2620 Dee
475 2571 582 2621 similem
600 2572 690 2622 Oculis
701 2572 834 2636 coasplos·
872 2573 923 2622 κοτ’
935 2573 1022 2623 tulta
1036 2569 1140 2620 edernae
1158 2569 1288 2630 loiaodl’
1308 2563 1404 2634 ἔρρήεεε

195 2705 199 2712 ,
308 2646 501 2712 recuperabat
512 2647 577 2696 enirn
590 2661 618 2697 se
629 2647 741 2696 ulturum
752 2641 836 2696 inimi·
872 2647 975 2711 χαλκὸν,
985 2645 1135 2708 &sandapila
1151 2642 1178 2693 rt
1193 2644 1216 2692 ol
1227 2642 1304 2706 οἰχοὴ
1314 2643 1405 2694 Ἀσπίδι

307 2721 384 2773 cum.'
417 2721 513 2770 Verum
532 2721 581 2771 hoc
599 2720 728 2771 Homerus
739 2721 772 2771 de
784 2721 835 2786 pri·
873 2724 900 2772 tr
910 2722 1020 2788 rperepp‘.
1039 2722 1091 2770 ‘Et
1102 2717 1175 2770 feriit
1189 2719 1290 2768 Atridae
1304 2727 1404 2770 scutum

307 2797 346 2848 orl
365 2810 521 2861 congressor
539 2795 584 2846 sed
605 2795 702 2846 Noster
719 2797 836 2847 immuta·
874 2796 1106 2862 undiqueaqoale,
1118 2793 1211 2857 Neque
1228 2795 1352 2858 perrupit
1362 2809 1407 2855 as,

311 2873 360 2920 rit.
874 2873 921 2924 sed
932 2871 1030 2922 reflexa
1041 2876 1082 2921 est
1093 2870 1130 2918 illi
1142 2870 1230 2932 cuspis
1247 2869 1280 2918 In
1299 2869 1405 2920 robusto

341 2950 350 2976 ⁸
367 2943 471 2992 Perstet
488 2943 563 2992 ermis
578 2949 648 3006 οεοοε
664 2944 761 3006 arba]
778 2944 838 2994 Vox
876 2946 969 2996 scuto!

308 3015 436 3066 ‘animis’
452 3016 656 3068 decutiendam
674 3025 838 3068 etsanenon
907 3026 919 3051 ¹
939 3020 1018 3068 Telum
1033 3016 1099 3066 lami
1109 3015 1214 3080 figitur]
1242 3017 1280 3069 At
1297 3019 1405 3069 Homer.

308 3092 386 3144 iidem
396 3091 473 3141 animi
488 3091 585 3153 Paridi,
594 3091 637 3156 qui
649 3091 839 3142 coaetossl'rs·
878 3093 968 3143 scribit
986 3094 1102 3142 lanceam
1119 3097 1221 3140 scutum
1245 3085 1406 3156 penetrasse,

310 3169 394 3220 tribus
416 3167 519 3218 redibat
542 3167 574 3216 sd
597 3181 718 3232 pugnam,
741 3168 839 3231 pudore
878 3169 990 3219 tunicam
1001 3165 1177 3229 discidisse,et
1185 3165 1265 3216 Parin
1276 3167 1407 3228 declinan-

311 3245 397 3308 potius
415 3256 490 3308 qaam
503 3242 608 3294 ferocis.
641 3244 733 3294 Scribe
748 3246 839 3308 ‘pare
880 3250 932 3294 tem
944 3251 1053 3292 mortem
1063 3241 1182 3291 evitasse.

311 3329 353 3370 tos
364 3321 443 3367 amnis
454 3318 547 3380 eque?
562 3319 610 3367 hoc
622 3325 671 3380 est,
685 3319 789 3382 paribus
800 3334 840 3368 ες·
911 3325 927 3350 '¹
944 3314 1126 3376 Nooisjuoslr'r]
1143 3313 1195 3366 Sed
1207 3313 1293 3362 falsum
1305 3321 1348 3364 est
1360 3329 1407 3364 eos

313 3397 361 3444 mis
372 3394 527 3450 instructam
539 3393 608 3456 quod
618 3405 678 3440 rane
687 3393 839 3454 justodael-
879 3404 958 3439 novas
976 3389 1062 3436 hastas
1078 3388 1208 3451 sumsisse,
1226 3402 1284 3438 nam
1300 3391 1406 3440 ensibus

313 3469 340 3517 lo
352 3465 533 3514 necessarlum.
878 3464 1003 3525 impetum
1019 3459 1116 3513 fecere.

345 3541 353 3572 ²
369 3537 507 3590 Proeeeaire
522 3538 625 3600 capim,
639 3539 752 3601 simulque
761 3542 841 3605 εοοοε]
911 3536 1233 3605 ¹1ctrtsfeorur,oadit]Ex
1243 3537 1359 3588 Homero
1368 3545 1405 3590 ta-

314 3615 351 3668 At
370 3613 477 3664 Homer.
499 3612 588 3662 scribit
607 3613 633 3662 id
657 3621 728 3662 sorte
750 3613 840 3664 Paridi
879 3625 938 3662 men
950 3611 1099 3662 Alexander
1114 3615 1262 3662 vulneratus
1274 3629 1325 3664 non
1337 3615 1405 3676 fuit5

314 3691 500 3753 contigissent
511 3690 580 3752 prior
590 3689 688 3737 bartam
700 3687 839 3740 emitteret.
879 3687 924 3738 red
937 3701 994 3736 eum
1006 3688 1140 3738 Menelaus
1155 3689 1368 3753 galea-corripuit
1379 3700 1406 3740 et

315 3763 422 3830 κλήρους
430 3765 456 3813 ir
466 3763 534 3829 κυνέῃ
542 3761 660 3827 χαλκήρεϊ
669 3761 763 3814 πολλου
774 3763 840 3815 ἕλος·
879 3762 1039 3826 praefocabat
1049 3762 1134 3825 ipsum
1144 3763 1176 3812 ad
1188 3777 1216 3811 se
1224 3761 1335 3824 ducens;
1347 3778 1406 3813 cnm

314 3857 364 3903 τες,
380 3839 526 3904 Ὅποτερος
541 3837 680 3904 dispectae
695 3838 840 3902 ἂψείηχάλ·
879 3837 977 3895 Venus,
999 3843 1076 3901 rupto
1103 3838 1168 3902 loro,
1196 3853 1253 3887 enm
1280 3839 1406 3902 abripuit.

316 3933 369 3964 ςςοε
380 3915 463 3976 taxes.
486 3917 530 3976 Et,
541 3913 626 3977 Πάριος
636 3911 730 3964 stam
740 3915 767 3963 le
781 3916 839 3974 ελῆ·
878 3913 930 3966 Sed
943 3915 1039 3965 Noster
1049 3913 1168 3978 quaedem
1185 3913 1408 3976 immutarit,alis.

316 4006 356 4054 ρος
372 3992 475 4052 ὄρουσεν.
506 3993 616 4041 ‘Sortes
634 3992 660 4040 in
681 3993 756 4054 galea
771 4003 840 4040 erres
879 4001 929 4056 que
947 3989 1083 4054 preteriit,
1101 3999 1158 4054 quea
1175 3987 1240 4040 llerri
1260 4003 1312 4041 non
1331 4003 1406 4056 porse

274 4108 275 4112 ,
316 4067 489 4128 conjecerunt,
500 4067 603 4115 ductori
612 4067 678 4115 Uter
687 4067 839 4129 prioremlt·
879 4066 990 4131 putavit.

318 4145 386 4190 teret
397 4151 489 4188 aream
506 4138 622 4188 hastam.'
655 4141 699 4204 Er,
715 4141 839 4192 ‘Paridis
