3036 4918
22 4271 24 4388 l

377 347 464 396 nun.
485 343 598 395 suros
621 343 742 398 senua
767 345 914 394 aroma.
1142 333 1187 398 67

468 527 517 592 11.
561 498 822 593 nrounnus.

490 661 568 725 Lru.
592 681 617 726 1.
639 661 728 727 Ger.
751 664 804 728 12.

100 801 112 830 ‘
125 795 344 880 opportunus
352 795 447 859 loeus
458 795 501 858 ad
513 796 786 872 conveniendum,
798 802 831 861 et
839 796 875 860 in
886 813 953 879 quo
964 795 1006 860 de
1019 805 1183 881 apparatu

199 898 282 960 belli
297 901 458 978 ageretur,
473 894 555 976 Argi
570 896 746 960 Diomedis
761 915 897 976 regnum
912 896 1086 980 deligitur?

143 1014 356 1084 Dionaeae,
372 1011 515 1089 AEtoluS,
531 1009 639 1096 Tydei
652 1032 693 1076 ex
710 1012 868 1095 Deiphila
888 1011 1013 1095 Argiva
1028 1015 1135 1096 illins3
1150 1019 1184 1080 iu
1308 1013 1312 1019 ’

99 1115 347 1197 oppugnatione
360 1113 483 1196 Trojae,
499 1120 578 1195 post
588 1113 752 1177 Achillem
765 1122 798 1178 et
811 1113 948 1199 Ajacem
965 1115 1185 1182 Salaminium

97 1215 311 1279 fortissimum
358 1213 483 1278 Praeter
496 1211 659 1296 TroJanos
673 1214 804 1276 nobiles
824 1233 942 1290 caesos,
957 1216 1056 1278 etiam
1071 1218 1185 1281 adver·

97 1333 156 1378 sus
180 1309 360 1380 Hectorem
386 1320 419 1376 et
433 1313 575 1377 AEneam
591 1313 791 1394 singularem
814 1315 888 1378 iniit
908 1335 1071 1397 puguam3
1095 1317 1185 1382 Mar-

97 1423 166 1485 tem
188 1413 415 1498 Veneremque
439 1413 629 1492 sauciavit3
655 1413 839 1479 Palladium
864 1416 1022 1499 Trojanis
1049 1420 1183 1502 eripuit.

96 1515 243 1580 Domum
271 1535 423 1581 reversus
450 1521 530 1597 post
550 1515 701 1579 excisum
725 1513 835 1591 Ilium,
850 1515 1018 1597 AEgialam
1045 1537 1184 1584 uxorem
1317 1505 1320 1512 ’

96 1616 238 1693 invenit,
267 1615 433 1680 adulteriis
462 1620 498 1678 et
521 1613 717 1678 libidinibus
748 1614 938 1679 involutam·
984 1616 1036 1680 Ita
1059 1637 1185 1681 exosus

94 1717 251 1799 patriam,
266 1715 489 1798 proficiscitur
501 1715 534 1777 in
549 1713 710 1796 Apuliam
722 1714 828 1778 Italiae
841 1717 1018 1798 regionem,
1027 1735 1048 1778 a
1061 1717 1184 1779 Dauno

94 1823 225 1897 purtem
242 1817 368 1897 accipit
381 1817 473 1898 regni
487 1823 520 1880 et
535 1815 660 1879 ibidem
675 1815 785 1896 Argos
797 1814 922 1880 condit.
1267 1896 1272 1906 ¹

141 1914 196 1978 De
212 1903 369 1994 singulari
383 1916 442 1980 illo
458 1917 590 1997 praelio,
612 1923 650 1980 ut
664 1924 697 1978 et
713 1916 755 1978 de
779 1915 856 1980 Diis
873 1916 1064 1994 vulneratis,
1078 1917 1185 1997 legen-

96 2015 159 2078 dus
176 2013 317 2079 Homer.
334 2031 369 2075 v.
384 2015 425 2078 Il.
440 2011 535 2096 Virg.
553 2031 607 2078 xr.
628 2015 701 2078 AEn.
717 2016 792 2078 277.

139 2113 194 2178 De
223 2113 391 2193 Palladio,
419 2115 617 2197 Procopius
645 2117 688 2178 Β.
716 2115 816 2181 Goth.
840 2133 864 2178 ι.
889 2117 942 2180 13.
971 2115 1073 2179 ovid.
1100 2132 1185 2177 xm.

97 2213 230 2278 Metam
258 2211 334 2279 337.
384 2214 477 2296 Virg.
507 2229 562 2276 xr.
593 2211 669 2276 AEn.
692 2215 768 2277 165.
797 2216 878 2298 quin
908 2223 942 2278 et
969 2215 1071 2280 Silius
1098 2230 1185 2276 xur.

10 2363 11 2366 ¹
96 2315 217 2377 Punic.
231 2317 284 2377 50.
300 2316 393 2396 cujus
407 2315 481 2379 haec
496 2315 615 2378 verba:

184 2413 269 2508 Tum
284 2433 378 2477 meus
393 2413 549 2496 adjuncto
562 2405 776 2478 monstratam
793 2414 903 2478 evasit
917 2414 952 2477 in
966 2435 1075 2480 arcem

183 2511 330 2596 Tydides
346 2511 476 2588 Ithaco,
489 2519 522 2575 et
535 2512 652 2575 dextra
666 2513 805 2574 molitus
821 2515 853 2573 in
869 2516 945 2592 ipso

181 2612 349 2676 Custodes
364 2611 458 2672 aditu
472 2610 600 2687 templi,
616 2608 755 2670 coeleste
769 2614 918 2688 reportat

183 2707 375 2774 Palladium
392 2724 433 2769 ae
444 2705 565 2767 nostris
581 2705 689 2785 aperit
703 2703 791 2766 mala
806 2701 970 2784 Pergama
980 2706 1069 2771 fatis.
1141 2773 1161 2808 a

144 2811 298 2891 Denique
313 2813 348 2868 et
358 2806 399 2869 de
411 2804 484 2885 ejus
499 2803 592 2880 urbe,
608 2801 701 2884 Virg.
718 2818 774 2865 xr.
798 2803 873 2865 AEn.
889 2803 965 2868 246.
980 2811 1013 2868 et
1028 2806 1149 2872 Horat.
1161 2827 1184 2874 r.

96 2917 171 2978 Sat.
189 2927 224 2973 v.
239 2908 293 2970 92.

154 3009 260 3076 Hunc
289 3015 395 3073 autem
426 3004 626 3070 Diomedem
663 3005 827 3068 sedentem
860 3012 893 3067 et
920 3003 1038 3088 (sicuti
1065 3008 1184 3076 heroes

100 3113 211 3179 Graeci
226 3111 371 3193 pingunt.
415 3105 503 3169 Plin.
522 3105 568 3168 Η.
581 3103 626 3168 Ν.
644 3097 788 3166 xxxiv.
800 3106 848 3175 5.)
863 3103 996 3180 nudum,
1013 3095 1185 3172 eGemma

101 3216 238 3296 petitum
259 3209 396 3272 exhibet
418 3205 580 3287 Begerns,
602 3203 760 3272 Thesaur.
785 3201 949 3267 Braudeb.
966 3220 989 3265 1.
1012 3207 1065 3268 94.
1090 3214 1124 3270 et
1149 3208 1184 3270 iu

101 3319 164 3378 ant.
178 3311 254 3376 bell.
266 3308 443 3391 Trojanor.
460 3303 643 3370 Commeat.
658 3300 711 3368 56.
727 3299 807 3368 mox
823 3309 856 3367 et
869 3303 927 3368 ΕΖ.
949 3304 1127 3388 Spanhem.
1150 3307 1183 3370 in

102 3411 252 3478 Addend
268 3411 310 3475 ad
326 3406 520 3473 Callimaeh.
534 3406 607 3469 757.

461 3581 530 3647 111.
573 3569 822 3646 AGHlLLES.

500 3699 579 3763 Lru.
594 3716 618 3762 1.
641 3697 728 3761 Cur.
745 3698 797 3760 14.

104 3815 215 3880 ‘Post
239 3797 325 3900 quos
347 3815 508 3892 Achillea,
528 3810 627 3876 Pelei
650 3818 685 3876 et
705 3811 869 3934 Timidis,
885 3828 959 3891 quoe
975 3826 1020 3872 ex
1036 3805 1180 3870 Chirone

143 4014 355 4078 Ponrunuu
371 3912 909 4097 (Homemdrlcseiijddindarminibus
924 4004 1102 4069 admodum
1125 4006 1181 4069 de·

104 4119 253 4176 cantatus
269 4113 429 4188 Achilles,
444 4110 485 4173 de
498 4107 595 4190 cujus
610 4108 753 4168 moribus
767 4106 840 4170 haec
857 4103 975 4168 Horat.
996 4101 1035 4166 A.
1051 4103 1090 4168 P.
1106 4107 1180 4171 120.
