3036 4918
304 278 348 344 bt
566 291 643 340 rac.
668 289 858 340 renizonrr
886 289 1134 340 nrssnnranro

305 432 409 508 Nero,
429 451 527 516 reque
550 451 590 498 ac
614 433 670 498 ille
695 431 867 508 Claudius,
889 431 1023 498 Claudii
1039 429 1184 494 Neronis
1200 429 1401 496 nominibus

302 533 368 598 tuit
380 534 577 616 appellatus,
592 553 668 616 qnae
682 531 814 599 nomina
828 539 863 598 et
881 533 915 596 in
937 531 1000 596 bac
1023 530 1178 596 Historia
1202 531 1295 614 apud
1319 529 1403 594 Ma-

302 631 404 698 lelam
418 634 526 716 priore
539 634 616 700 loco
624 633 745 718 juncta
758 635 973 718 reperiuntur,
985 628 1086 716 cipite,
1100 631 1274 714 inquit,tael
1292 639 1403 694 Κλαυ-

302 729 358 798 lloo
379 730 502 818 Νέρωνος
526 731 673 808 Βασιλέως
697 735 723 796 lv
746 731 885 818 κιβωτίῳ,
911 735 1102 798 ‘inventurn
1126 729 1200 796 est’
1220 732 1284 797 boo
1304 751 1401 816 opus

301 833 445 920 Diotpos
462 842 630 919 ‘tempore
649 833 785 900 Claudii
801 835 945 900 Neronis
963 833 1191 918 Imperatoris,
1207 833 1240 896 in
1255 832 1403 896 arcula!

302 933 393 1002 Hinc
402 935 475 1019 jam
489 936 628 1012 lactum,
642 943 682 1000 nt
693 936 893 1020 posteriores
910 935 1072 1013 Graeculi,
1084 953 1150 1000 nno
1161 932 1203 998 ad
1212 933 1402 1014 designan-

301 1033 381 1100 dum
404 1035 492 1102 bunc
518 1037 751 1118 Imperatorem
775 1035 960 1101 destructuri
982 1035 1124 1110 nomine,
1140 1034 1231 1116 pn'us
1252 1033 1402 1115 potissi·

300 1153 393 1198 mum
417 1137 625 1220 arripuerint,
640 1143 674 1202 et
691 1135 871 1202 Claudium
886 1135 1080 1218 simpliciter
1094 1134 1249 1209 dixerint,
1264 1140 1302 1196 nt
1316 1133 1400 1216 ipse

300 1233 381 1300 tacit
395 1233 539 1301 Halalae
561 1236 746 1320 posteriore
766 1239 855 1312 loco,
872 1237 930 1318 qni
952 1241 1060 1300 tamen
1082 1239 1152 1298 erat
1168 1233 1270 1299 Nero.
1316 1235 1403 1298 Fre-

301 1352 410 1416 quens
431 1336 486 1400 hic
508 1353 599 1400 error
612 1338 712 1402 etiarn
734 1337 824 1420 apud
841 1337 979 1400 Latinos
996 1335 1195 1418 Scriptores,
1209 1353 1253 1398 ex
1275 1331 1400 1398 iisdem

305 1432 521 1512 diversorum,
537 1436 599 1500 sed
614 1438 854 1520 proximorum,
870 1436 1112 1520 Imperatorum
1132 1435 1327 1500 nominibus
1342 1453 1400 1498 or·

301 1537 368 1596 tas.
412 1534 493 1618 Ipse
508 1535 690 1601 Suetonius
717 1537 765 1602 ita
790 1537 916 1602 Neroni
940 1535 1055 1601 tribuit
1075 1537 1108 1598 in
1130 1534 1203 1618 ejus
1224 1535 1293 1598 vita
1314 1553 1399 1616 cap.

300 1633 354 1698 17.
377 1654 454 1718 qnae
478 1636 611 1701 Claudii
637 1643 740 1702 erant.
783 1637 874 1702 Vide
896 1636 1177 1717 elegantissimum
1201 1635 1399 1698 Brummeri

302 1732 582 1802 Commentariun
606 1737 649 1801 ad
671 1738 713 1803 1..
729 1735 893 1813 Cinciam,
909 1755 983 1818 cap.
1005 1737 1037 1799 5.
1081 1734 1174 1814 Quin
1197 1736 1287 1818 qnod
1314 1753 1413 1818 pro·.

301 1829 378 1918 pini
394 1838 538 1915 accedit,
553 1857 651 1902 unum
670 1837 828 1919 idemque
850 1837 977 1902 SCtnm
993 1844 1144 1918 tempore
1161 1835 1305 1900 Neronis
1320 1834 1398 1900 lac·
1517 1918 1518 1923 ἵ

251 1952 255 1957 ·
301 1941 383 2012 tum,
406 1936 531 2018 injure
553 1937 706 2004 Romano
728 1938 828 2004 modo
850 1937 1084 2014 Claudianum,
1107 1937 1207 2002 modo
1230 1934 1401 2000 Neronia·

301 2053 391 2113 unm,
407 2036 542 2114 dicitur,
557 2046 597 2101 ut
618 2039 735 2104 docuit
757 2039 797 2102 Ρ.
813 2039 935 2116 Faber,
952 2039 1167 2103 Semestrinm
1184 2037 1241 2100 lib.
1261 2052 1286 2100 r.
1316 2055 1398 2118 cap.
1514 2040 1515 2051 ’

301 2136 358 2201 ult.
405 2137 527 2221 Neque
541 2139 677 2206 aliunde
700 2141 832 2206 videtur
845 2148 966 2215 ortum,
982 2138 1070 2219 qnod
1093 2137 1190 2201 toties
1216 2135 1397 2201 Hadriano

301 2237 497 2316 simpliciter
526 2241 749 2314 ascribuntur,
774 2258 851 2320 quan
879 2238 923 2300 ab
949 2235 1119 2299 Antonino
1133 2234 1197 2298 Pio
1223 2243 1300 2300 snut
1314 2255 1397 2318 pro·
1515 2283 1516 2311 r

300 2333 402 2410 secta,
417 2336 508 2411 (vide
520 2336 696 2399 Bertrandi
711 2335 812 2398 Vitae
827 2335 850 2400 J
853 2335 991 2398 Ctorum
1008 2335 1042 2398 ln
1057 2332 1175 2416 Gaio)
1196 2353 1296 2416 qnam
1311 2337 1399 2417 qnia
1516 2377 1517 2396 r

300 2453 363 2517 per
377 2434 592 2516 adoptionem
607 2434 770 2499 Antonini
793 2438 836 2500 ab
852 2435 1025 2500 Hadriano
1041 2434 1163 2496 sactum
1185 2433 1250 2496 hoo
1268 2433 1399 2500 Hadri-

301 2535 356 2600 ani
378 2555 497 2600 nomen
520 2535 673 2602 Antonini
699 2536 752 2602 Pii
773 2538 926 2620 genuinis
941 2533 1130 2599 nominibus
1148 2532 1228 2596 addi
1249 2538 1284 2594 et
1305 2553 1398 2615 pree:
1516 2591 1517 2602 ,

299 2636 388 2702 mitti
400 2637 537 2704 solebat.
581 2637 661 2717 Qua
672 2638 786 2703 eadem
797 2657 931 2721 prorsus
942 2636 1069 2702 ratione
1081 2633 1183 2697 etiam
1197 2631 1396 2698 Hadrianus

300 2757 391 2821 sape
405 2739 542 2820 Trojani
565 2741 693 2803 nomine
708 2740 912 2821 designatur,
929 2744 966 2802 nt
991 2735 1136 2805 ostendit
1159 2733 1331 2816 Rupertus
1348 2736 1393 2800 ad

301 2837 535 2920 Pomponium,
550 2833 591 2896 de
607 2836 665 2898 Or.
676 2836 763 2916 juris
777 2857 855 2919 pag.
872 2839 924 2900 16.
939 2838 994 2899 17.
1007 2837 1059 2898 18.

192 2942 194 2946 ·
346 2950 379 2994 ν.
402 2931 503 3011 Quod
529 2937 637 2996 autem
662 2933 753 2996 Nero
775 2935 901 3016 potins,
917 2953 1016 3016 qnam
1040 2931 1204 2996 Claudius
1225 2931 1321 2997 suerit
1348 2934 1391 3011 is,

300 3033 406 3117 quiin
420 3034 482 3097 bac
497 3033 652 3097 Historia
663 3041 874 3112 memoratur,
888 3036 922 3098 id
935 3053 1011 3098 vero
1026 3051 1093 3097 non
1109 3039 1235 3097 tantum
1247 3054 1291 3098 ex
1305 3035 1391 3118 Sep-

300 3134 394 3198 timio
413 3141 525 3198 nostro
547 3135 736 3216 liquet‚.qni
757 3136 879 3200 diserta
909 3135 1075 3200 Neronem
1100 3135 1263 3210 nominat,
1277 3134 1337 3197 sed
1354 3144 1392 3200 et

298 3234 470 3317 probabile
484 3240 537 3296 est
552 3252 596 3296 ex
613 3254 666 3312 eo,
682 3237 769 3317 quod
794 3237 938 3301 Malelas
953 3255 1030 3318 pag.
1044 3234 1119 3298 322.
1143 3253 1239 3316 aeque
1250 3253 1290 3297 ac
1307 3235 1390 3317 Sep

300 3333 427 3408 simius,
447 3327 675 3397 tertiodecimo
689 3335 905 3417 Imperatoris
921 3356 1007 3401 anno
1024 3335 1253 3418 Diotynhunc
1275 3335 1390 3398 inven-

299 3437 417 3496 tumet
431 3431 592 3513 prolatum
608 3433 781 3517 nitidque
804 3444 884 3518 post
904 3436 1036 3500 cladem
1056 3454 1115 3498 scu
1137 3441 1234 3526 terrae
1250 3442 1389 3510 motum,

300 3552 367 3616 quo
382 3533 523 3614 graviter
543 3531 668 3598 afflicta
689 3541 767 3600 tnnc
789 3539 889 3602 fuerit
905 3538 1018 3602 Creta.
1062 3535 1113 3599 Ea
1136 3541 1247 3597 autem
1263 3537 1388 3616 optime

299 3634 496 3698 conveniunt
510 3633 545 3696 in
560 3633 652 3697 illum
668 3655 733 3699 non
750 3636 895 3716 Claudii,
910 3639 971 3702 sed
989 3637 1136 3700 Neronis
1151 3652 1282 3697 annum.
1315 3634 1386 3698 Ne·-

298 3754 335 3799 ro
347 3736 444 3811 enim,
459 3739 576 3798 nterat
590 3734 733 3800 Musicis
749 3737 941 3804 Graecorum
955 3737 1080 3802 artibus
1096 3736 1138 3799 ad
1150 3735 1315 3798 insaniam
1331 3754 1388 3798 us·
1418 3792 1422 3798 .
1508 3745 1509 3748 ’

299 3854 364 3917 que
378 3833 521 3911 deditus,
536 3835 711 3916 profectus
725 3847 775 3903 est
791 3857 832 3902 eo
846 3859 932 3902 anno
947 3841 982 3902 in
995 3837 1177 3918 Graeciam,
1193 3840 1228 3897 et
1243 3855 1303 3916 per
1318 3837 1387 3898 om·

297 3935 355 4000 nia
369 3934 468 3999 isthic
490 3934 643 4002 ludorum
659 3941 842 4006 certamina
854 3960 894 4004 ac
909 3938 1118 4025 spectacula,
1133 3936 1167 4000 iu
1182 3954 1285 3998 unum
1300 3935 1386 4000 huno

299 4053 420 4100 aunum
433 4035 588 4104 consulto
603 4039 657 4104 vel
669 4040 770 4123 jussu
784 4043 891 4125 ipsius
907 4048 1037 4119 coacta,
1053 4034 1230 4104 circumiit
1274 4034 1384 4114 Quam
