3028 4900
503 295 625 344 senua
649 295 797 348 unorcn.
1147 290 1191 357 81

145 443 190 508 ln
209 441 304 508 bisce
324 457 399 506 vero
420 442 630 521 agitabantur
651 463 718 510 nou
738 450 866 510 tuntum
882 445 1060 530 quadrigae.
1104 453 1190 520 Stet.

100 559 189 607 vrrr.
216 541 319 606 Theb.
342 541 418 606 870.
442 547 558 638 'uerum
582 551 616 610 et
647 544 746 628 bigae.
773 546 875 612 Hom.
898 546 994 612 Iliad.
1015 548 1051 623 ψ.
1102 552 1190 632 Quis

99 647 297 724 spectantur
310 643 342 706 in
358 644 508 725 pluribus
525 645 711 710 Siculorum
729 653 832 730 atque
848 646 1042 713 Graecorum
1061 651 1191 720 Numis-

97 744 249 809 matibus
276 743 367 827 apud
389 744 571 825 Goltzium,
594 746 764 826 Parutam,
786 748 1061 828 Volkhamerum,
1085 752 1190 835 Bege-

99 863 186 920 rum,
200 846 262 908 dtu.

117 936 215 1008 'Hae
243 947 351 1007 autem
377 943 465 1026 bigae
501 945 592 1027 apud
618 947 756 1013 citatum
793 947 977 1029 Goltzium,
999 951 1111 1017 Graec.
1140 953 1192 1017 eu

96 1044 189 1108 Tab.
214 1045 249 1108 in
272 1043 423 1129 Philippi
451 1047 536 1138 regis
563 1045 720 1112 Nummo.
763 1046 901 1131 Quippe
919 1050 974 1115 lnic
996 1070 1063 1116 non
1086 1052 1192 1116 solum

98 1161 196 1226 saepe
210 1144 246 1208 in
269 1142 460 1228 Olympicis
490 1145 583 1222 vicit,
599 1145 837 1228 quadrigarum
857 1147 1075 1233 bigarumque
1091 1151 1192 1215 curri·

98 1243 191 1320 culo,
212 1241 354 1327 (lustin.
372 1259 444 1307 xn.
460 1241 533 1327 16.)
547 1263 658 1309 verum
674 1246 775 1310 etiarn
791 1247 925 1311 curules
939 1248 1191 1333 Olympicomm

97 1344 259 1409 victorias
282 1342 553 1408 Numismatibus
583 1345 740 1428 insignire
761 1350 813 1410 est
835 1346 969 1426 solitus,
996 1354 1083 1414 teste
1111 1349 1191 1415 Plu·

97 1443 225 1506 tarcho.
584 1457 588 1466 '
690 1453 693 1460 '

143 1541 315 1605 Ludorum
346 1541 486 1628 deniqne
515 1542 766 1627 Olympicorum
810 1515 971 1611 curulium
1013 1550 1190 1613 meminere

97 1639 226 1805 {Igorat
243 1659 269 1707 1.
292 1642 357 1706 0d.
370 1643 400 1705 l.
414 1643 445 1707 3.
460 1642 597 1709 Pindar.
613 1644 748 1728 Olymp.
760 1645 792 1709 2.
807 1644 872 1709 Od.
886 1644 979 1727 Virg.
995 1663 1052 1710 ιιι.
1068 1645 1191 1728 Georg.

145 1787 153 1806 .
169 1745 232 1806 &e

383 1980 608 2058 TABULA
659 1981 902 2066 QUARTA.

477 2197 592 2264 XIX.
636 2199 824 2266 HYDRA.

306 2349 382 2412 Lru.
404 2365 456 2414 ιν.
480 2329 570 2415 Gan.
594 2349 646 2413 19.
670 2321 787 2414 ubide
803 2347 1000 2413 Philoctete.

123 2523 285 2610 ‘Quippe
301 2526 463 2590 Herculis
478 2533 627 2588 armatus
642 2526 785 2602 sagittis,
798 2543 875 2602 quee
891 2525 1024 2588 inlectae
1042 2525 1169 2607 Hydrae

230 2627 390 2704 sauguine
406 2621 495 2684 baud
509 2620 581 2683 sine
594 2620 700 2684 exitio
717 2621 849 2700 corpori
862 2619 1066 2700 figebantur!

143 2758 269 2820 Iurene
278 2754 413 2828 labores
427 2754 498 2817 sire
509 2751 688 2816 certamina
697 2750 856 2816 Herculis
864 2751 1049 2835 praesertim
1061 2751 1194 2817 emicuit

99 2874 172 2920 nex
182 2853 325 2936 Hydrae.
348 2853 429 2917 Erat
443 2859 551 2917 antem
565 2870 715 2934 serpens,
730 2852 773 2916 ad
784 2852 902 2916 Lernae
917 2853 1030 2919 lacurn
1045 2854 1081 2916 in
1088 2851 1194 2934 Argia

101 2955 331 3039 Peloponnesi
346 2955 478 3036 regione
492 2952 702 3029 delitescens,
718 2953 963 3036 quinquaginta
972 2955 1133 3037 capitum,
1147 2971 1191 3018 ex

102 3057 223 3138 quibus
237 3074 305 3118 uno
326 3059 511 3136 amputato,
523 3072 607 3116 mox
628 3053 696 3117 alia
717 3053 786 3116 duo
808 3053 1067 3133 repullulabunt.
1090 3053 1190 3116 Ovid.

104 3173 158 3220 rx.
170 3155 310 3220 Metam.
322 3152 604 3238 193.Apollodor.
616 3167 656 3216 11.
701 3149 927 3229 Quamobrem
941 3171 1005 3216 non
1022 3153 1120 3218 clava
1131 3153 1191 3214 sed

103 3256 234 3336 ignibus
263 3255 350 3320 hanc
371 3255 514 3319 bestiam
537 3253 650 3317 tollere
669 3253 846 3334 cogebatur
873 3253 1050 3324 Hercules.
1093 3251 1191 3315 Unde

19 3355 20 3358 ’
105 3357 247 3435 Seneca,
263 3358 297 3420 in
314 3356 360 3420 H.
375 3355 512 3432 Furent.
527 3353 602 3418 241.

188 3456 305 3536 Qnidt
328 3476 422 3522 saeva
436 3459 556 3522 Lernae
570 3462 729 3534 monstro,
743 3473 957 3531 numerosum
968 3457 1103 3529 malum,

189 3559 271 3622 Non
285 3560 359 3642 igue
374 3558 502 3622 demum
516 3558 598 3621 vicit
611 3564 644 3622 et
658 3557 777 3638 docuit
790 3557 899 3620 morit

105 3654 290 3721 Videantur
310 3664 343 3722 et
364 3655 532 3731 Albrieus,
555 3656 597 3720 de
616 3656 714 3722 Deor.
743 3657 882 3736 lmagin.
897 3661 932 3717 et
958 3653 1099 3716 Ptolem.
1116 3652 1186 3716 He-

105 3756 259 3836 pbaestio,
281 3757 371 3840 apud
395 3758 571 3822 Photium:
593 3758 653 3838 qui
674 3775 775 3820 aurea
796 3773 841 3818 ex
862 3759 957 3834 parte
978 3755 1093 3834 c'apita
1113 3751 1190 3815 hnic

106 3856 205 3920 luisse
221 3856 334 3921 refert.

147 3955 284 4020 Interim
299 3954 574 4037 Iolcum,”2lpbicli
587 3954 704 4032 filium,
721 3941 858 4016 Herculi
868 3948 1030 4012 laboranti
1045 3949 1190 4029 affuisse,

22 4127 23 4130 Ἴ
109 4061 140 4118 et
165 4055 302 4120 admota
328 4055 403 4118 face
425 4060 594 4116 truncates
616 4053 765 4117 cervices
792 4047 972 4124 adussisse,
997 4048 1189 4134 priusquam

168 4169 289 4234 Πάριοι
301 4169 360 4280 Vg.
373 4170 438 4218 clos.
588 4165 656 4216 ber.
670 4166 735 4216 Cret.
1106 4165 1127 4215 p
