<?xml version="1.0" encoding="UTF-8"?>
<!DOCTYPE html PUBLIC "-//W3C//DTD XHTML 1.0 Transitional//EN"
    "http://www.w3.org/TR/xhtml1/DTD/xhtml1-transitional.dtd">
<html xmlns="http://www.w3.org/1999/xhtml" xml:lang="en" lang="en">
 <head>
  <title>
</title>
<meta http-equiv="Content-Type" content="text/html;charset=utf-8" />
  <meta name='ocr-system' content='tesseract 3.04.00' />
  <meta name='ocr-capabilities' content='ocr_page ocr_carea ocr_par ocr_line ocrx_word'/>
</head>
<body>
  <div class='ocr_page' id='page_1' title='image "./dictyscretensis00smidgoog_0040.png"; bbox 0 0 3036 4918; ppageno 0'>
   <div class='ocr_carea' id='block_1_1' title="bbox 319 317 1154 386">
    <p class='ocr_par' dir='ltr' id='par_1_1' title="bbox 319 317 1154 386">
     <span class='ocr_line' id='line_1_1' title="bbox 319 317 1154 386; baseline -0.005 0"><span class='ocrx_word' id='word_1_1' title='bbox 319 317 363 386; x_wconf 74' lang='grc'><strong>20</strong></span> <span class='ocrx_word' id='word_1_2' title='bbox 581 333 662 382; x_wconf 80' lang='lat' dir='ltr'><strong>rrc.</strong></span> <span class='ocrx_word' id='word_1_3' title='bbox 687 333 879 384; x_wconf 78' lang='lat' dir='ltr'><strong>reurreurr</strong></span> <span class='ocrx_word' id='word_1_4' title='bbox 906 331 1154 384; x_wconf 81' lang='lat' dir='ltr'><strong>nrssrararro</strong></span> 
     </span>
    </p>
   </div>
   <div class='ocr_carea' id='block_1_2' title="bbox 314 473 1416 1462">
    <p class='ocr_par' dir='ltr' id='par_1_2' title="bbox 314 473 1416 1462">
     <span class='ocr_line' id='line_1_2' title="bbox 318 473 1409 560; baseline 0.001 -20"><span class='ocrx_word' id='word_1_5' title='bbox 318 473 590 554; x_wconf 79' lang='lat' dir='ltr'><strong>diligentissimus</strong></span> <span class='ocrx_word' id='word_1_6' title='bbox 613 473 794 539; x_wconf 82' lang='lat' dir='ltr'><strong>Reinesins</strong></span> <span class='ocrx_word' id='word_1_7' title='bbox 815 473 859 538; x_wconf 87' lang='lat' dir='ltr'><strong>ad</strong></span> <span class='ocrx_word' id='word_1_8' title='bbox 888 473 1073 558; x_wconf 79' lang='lat' dir='ltr'><strong>unpennm</strong></span> <span class='ocrx_word' id='word_1_9' title='bbox 1097 473 1206 558; x_wconf 80' lang='lat' dir='ltr'><strong>Epist</strong></span> <span class='ocrx_word' id='word_1_10' title='bbox 1220 473 1295 560; x_wconf 86' lang='grc'><strong>67.)</strong></span> <span class='ocrx_word' id='word_1_11' title='bbox 1313 477 1409 560; x_wconf 85' lang='lat' dir='ltr'><strong>‘inji-</strong></span> 
     </span>
     <span class='ocr_line' id='line_1_3' title="bbox 317 571 1412 661; baseline 0.002 -23"><span class='ocrx_word' id='word_1_12' title='bbox 317 575 411 638; x_wconf 83' lang='lat' dir='ltr'><strong>ciens</strong></span> <span class='ocrx_word' id='word_1_13' title='bbox 426 593 464 638; x_wconf 84' lang='lat' dir='ltr'><strong>se</strong></span> <span class='ocrx_word' id='word_1_14' title='bbox 483 575 518 636; x_wconf 93' lang='lat' dir='ltr'><strong>in</strong></span> <span class='ocrx_word' id='word_1_15' title='bbox 542 593 652 654; x_wconf 77' lang='lat' dir='ltr'><strong>rogum</strong></span> <span class='ocrx_word' id='word_1_16' title='bbox 669 573 824 650; x_wconf 50' lang='lat' dir='ltr'><strong>Paridis?</strong></span> <span class='ocrx_word' id='word_1_17' title='bbox 837 572 866 652; x_wconf 75' lang='lat' dir='ltr'><strong>i,</strong></span> <span class='ocrx_word' id='word_1_18' title='bbox 882 579 959 638; x_wconf 66' lang='lat' dir='ltr'><strong>aare</strong></span> <span class='ocrx_word' id='word_1_19' title='bbox 973 575 1020 638; x_wconf 78' lang='lat' dir='ltr'><strong>air</strong></span> <span class='ocrx_word' id='word_1_20' title='bbox 1043 571 1160 652; x_wconf 66' lang='lat' dir='ltr'><strong>alere,</strong></span> <span class='ocrx_word' id='word_1_21' title='bbox 1180 577 1297 661; x_wconf 75' lang='grc' dir='ltr'><strong><em>βρόχοις</em></strong></span> <span class='ocrx_word' id='word_1_22' title='bbox 1316 581 1412 660; x_wconf 70' lang='lat' dir='ltr'><strong>tray-</strong></span> 
     </span>
     <span class='ocr_line' id='line_1_4' title="bbox 314 674 1412 759; baseline 0.009 -26"><span class='ocrx_word' id='word_1_23' title='bbox 314 674 431 758; x_wconf 74' lang='grc' dir='ltr'><strong><em>χθοῖοο,</em></strong></span> <span class='ocrx_word' id='word_1_24' title='bbox 449 675 512 740; x_wconf 87' lang='lat' dir='ltr'><strong>hoc</strong></span> <span class='ocrx_word' id='word_1_25' title='bbox 535 687 600 751; x_wconf 86' lang='lat' dir='ltr'><strong>est,</strong></span> <span class='ocrx_word' id='word_1_26' title='bbox 624 675 711 751; x_wconf 71' lang='lat' dir='ltr'><strong>‘ret</strong></span> <span class='ocrx_word' id='word_1_27' title='bbox 726 675 908 740; x_wconf 86' lang='lat' dir='ltr'><strong>secundum</strong></span> <span class='ocrx_word' id='word_1_28' title='bbox 932 675 1069 759; x_wconf 80' lang='lat' dir='ltr'><strong>Dictyn,</strong></span> <span class='ocrx_word' id='word_1_29' title='bbox 1084 675 1217 758; x_wconf 75' lang='lat' dir='ltr'><strong>laqueis</strong></span> <span class='ocrx_word' id='word_1_30' title='bbox 1238 677 1412 754; x_wconf 78' lang='lat' dir='ltr'><strong>suffocata.</strong></span> 
     </span>
     <span class='ocr_line' id='line_1_5' title="bbox 317 773 1414 862; baseline 0.004 -24"><span class='ocrx_word' id='word_1_31' title='bbox 317 775 372 839; x_wconf 81' lang='lat' dir='ltr'><strong>val</strong></span> <span class='ocrx_word' id='word_1_32' title='bbox 388 775 530 860; x_wconf 89' lang='lat' dir='ltr'><strong>denique</strong></span> <span class='ocrx_word' id='word_1_33' title='bbox 551 773 732 840; x_wconf 88' lang='lat' dir='ltr'><strong>secundum</strong></span> <span class='ocrx_word' id='word_1_34' title='bbox 748 773 1014 858; x_wconf 82' lang='lat' dir='ltr'><strong>Lycophronem,</strong></span> <span class='ocrx_word' id='word_1_35' title='bbox 1030 775 1071 839; x_wconf 89' lang='lat' dir='ltr'><strong>de</strong></span> <span class='ocrx_word' id='word_1_36' title='bbox 1092 778 1175 842; x_wconf 91' lang='lat' dir='ltr'><strong>turri</strong></span> <span class='ocrx_word' id='word_1_37' title='bbox 1199 795 1236 840; x_wconf 86' lang='lat' dir='ltr'><strong>se</strong></span> <span class='ocrx_word' id='word_1_38' title='bbox 1257 779 1414 862; x_wconf 76' lang='lat' dir='ltr'><strong>praecipi-</strong></span> 
     </span>
     <span class='ocr_line' id='line_1_6' title="bbox 318 873 1416 960; baseline 0.002 -20"><span class='ocrx_word' id='word_1_39' title='bbox 318 875 415 940; x_wconf 86' lang='lat' dir='ltr'><strong>tans.’</strong></span> <span class='ocrx_word' id='word_1_40' title='bbox 457 875 570 954; x_wconf 80' lang='lat' dir='ltr'><strong>Addo,</strong></span> <span class='ocrx_word' id='word_1_41' title='bbox 584 875 688 940; x_wconf 89' lang='lat' dir='ltr'><strong>etiam</strong></span> <span class='ocrx_word' id='word_1_42' title='bbox 700 875 815 940; x_wconf 79' lang='lat' dir='ltr'><strong>Tnetni</strong></span> <span class='ocrx_word' id='word_1_43' title='bbox 831 875 1005 958; x_wconf 72' lang='lat' dir='ltr'><strong>astipulari</strong></span> <span class='ocrx_word' id='word_1_44' title='bbox 1021 873 1182 941; x_wconf 71' lang='lat' dir='ltr'><strong>Mulelam</strong></span> <span class='ocrx_word' id='word_1_45' title='bbox 1194 895 1271 960; x_wconf 80' lang='lat' dir='ltr'><strong>pag.</strong></span> <span class='ocrx_word' id='word_1_46' title='bbox 1287 877 1366 943; x_wconf 83' lang='grc'><strong>141.</strong></span> <span class='ocrx_word' id='word_1_47' title='bbox 1382 887 1416 942; x_wconf 91' lang='lat' dir='ltr'><strong>et</strong></span> 
     </span>
     <span class='ocr_line' id='line_1_7' title="bbox 318 975 1415 1064; baseline 0.002 -23"><span class='ocrx_word' id='word_1_48' title='bbox 318 977 516 1054; x_wconf 84' lang='lat' dir='ltr'><strong>Cedrennm,</strong></span> <span class='ocrx_word' id='word_1_49' title='bbox 532 977 590 1060; x_wconf 91' lang='lat' dir='ltr'><strong>qni</strong></span> <span class='ocrx_word' id='word_1_50' title='bbox 612 976 741 1060; x_wconf 89' lang='lat' dir='ltr'><strong>pariter</strong></span> <span class='ocrx_word' id='word_1_51' title='bbox 757 977 800 1040; x_wconf 90' lang='lat' dir='ltr'><strong>de</strong></span> <span class='ocrx_word' id='word_1_52' title='bbox 814 975 958 1052; x_wconf 90' lang='lat' dir='ltr'><strong>OEnone,</strong></span> <span class='ocrx_word' id='word_1_53' title='bbox 974 981 1061 1060; x_wconf 67' lang='lat' dir='ltr'><strong>tauri</strong></span> <span class='ocrx_word' id='word_1_54' title='bbox 1078 975 1264 1062; x_wconf 70' lang='grc' dir='ltr'><strong><em>ἀποχρῆοοοο</em></strong></span> <span class='ocrx_word' id='word_1_55' title='bbox 1288 982 1415 1064; x_wconf 54' lang='lat' dir='ltr'><strong>eluta,</strong></span> 
     </span>
     <span class='ocr_line' id='line_1_8' title="bbox 317 1065 1413 1161; baseline 0.004 -21"><span class='ocrx_word' id='word_1_56' title='bbox 317 1081 327 1114; x_wconf 88' lang='lat'>‘</span> <span class='ocrx_word' id='word_1_57' title='bbox 341 1065 494 1161; x_wconf 82' lang='lat' dir='ltr'><strong>seipsam</strong></span> <span class='ocrx_word' id='word_1_58' title='bbox 511 1077 657 1142; x_wconf 79' lang='lat' dir='ltr'><strong>extinxit</strong></span> <span class='ocrx_word' id='word_1_59' title='bbox 671 1074 877 1159; x_wconf 67' lang='lat' dir='ltr'><strong>suspendio!</strong></span> <span class='ocrx_word' id='word_1_60' title='bbox 922 1074 1048 1140; x_wconf 88' lang='lat' dir='ltr'><strong>Verum</strong></span> <span class='ocrx_word' id='word_1_61' title='bbox 1066 1095 1143 1140; x_wconf 90' lang='lat' dir='ltr'><strong>curn</strong></span> <span class='ocrx_word' id='word_1_62' title='bbox 1158 1077 1192 1141; x_wconf 90' lang='lat' dir='ltr'><strong>hi</strong></span> <span class='ocrx_word' id='word_1_63' title='bbox 1209 1078 1288 1160; x_wconf 88' lang='lat' dir='ltr'><strong>ipsi,</strong></span> <span class='ocrx_word' id='word_1_64' title='bbox 1306 1078 1413 1146; x_wconf 80' lang='lat' dir='ltr'><strong>Male·</strong></span> 
     </span>
     <span class='ocr_line' id='line_1_9' title="bbox 317 1175 1414 1261; baseline 0.005 -21"><span class='ocrx_word' id='word_1_65' title='bbox 317 1177 371 1241; x_wconf 84' lang='lat' dir='ltr'><strong>les</strong></span> <span class='ocrx_word' id='word_1_66' title='bbox 386 1197 463 1261; x_wconf 78' lang='lat' dir='ltr'><strong>pag.</strong></span> <span class='ocrx_word' id='word_1_67' title='bbox 479 1179 555 1244; x_wconf 83' lang='lat' dir='ltr'><strong>leo.</strong></span> <span class='ocrx_word' id='word_1_68' title='bbox 568 1181 630 1244; x_wconf 78' lang='lat' dir='ltr'><strong>lm.</strong></span> <span class='ocrx_word' id='word_1_69' title='bbox 642 1183 678 1244; x_wconf 94' lang='lat' dir='ltr'><strong>ut</strong></span> <span class='ocrx_word' id='word_1_70' title='bbox 691 1181 725 1242; x_wconf 89' lang='lat' dir='ltr'><strong>et</strong></span> <span class='ocrx_word' id='word_1_71' title='bbox 738 1197 813 1260; x_wconf 80' lang='lat' dir='ltr'><strong>pag.</strong></span> <span class='ocrx_word' id='word_1_72' title='bbox 832 1177 905 1241; x_wconf 85' lang='lat' dir='ltr'><strong>tto.</strong></span> <span class='ocrx_word' id='word_1_73' title='bbox 920 1183 955 1240; x_wconf 91' lang='lat' dir='ltr'><strong>et</strong></span> <span class='ocrx_word' id='word_1_74' title='bbox 969 1175 1142 1242; x_wconf 79' lang='lat' dir='ltr'><strong>Gedrenns</strong></span> <span class='ocrx_word' id='word_1_75' title='bbox 1155 1197 1234 1260; x_wconf 73' lang='lat' dir='ltr'><strong>pag.</strong></span> <span class='ocrx_word' id='word_1_76' title='bbox 1245 1179 1322 1244; x_wconf 86' lang='grc'><strong>127.</strong></span> <span class='ocrx_word' id='word_1_77' title='bbox 1338 1180 1414 1245; x_wconf 88' lang='grc'><strong>128.</strong></span> 
     </span>
     <span class='ocr_line' id='line_1_10' title="bbox 317 1277 1415 1360; baseline 0.001 -17"><span class='ocrx_word' id='word_1_78' title='bbox 317 1279 394 1344; x_wconf 87' lang='grc'><strong>129.</strong></span> <span class='ocrx_word' id='word_1_79' title='bbox 410 1279 486 1344; x_wconf 80' lang='lat'><strong>130.</strong></span> <span class='ocrx_word' id='word_1_80' title='bbox 504 1299 525 1344; x_wconf 90' lang='lat' dir='ltr'><strong>a</strong></span> <span class='ocrx_word' id='word_1_81' title='bbox 540 1279 634 1344; x_wconf 76' lang='lat' dir='ltr'><strong>carde</strong></span> <span class='ocrx_word' id='word_1_82' title='bbox 650 1278 810 1345; x_wconf 87' lang='lat' dir='ltr'><strong>Hectoris</strong></span> <span class='ocrx_word' id='word_1_83' title='bbox 826 1297 933 1360; x_wconf 88' lang='lat' dir='ltr'><strong>nsque</strong></span> <span class='ocrx_word' id='word_1_84' title='bbox 952 1277 995 1340; x_wconf 87' lang='lat' dir='ltr'><strong>ad</strong></span> <span class='ocrx_word' id='word_1_85' title='bbox 1010 1296 1124 1342; x_wconf 82' lang='lat' dir='ltr'><strong>necem</strong></span> <span class='ocrx_word' id='word_1_86' title='bbox 1140 1277 1303 1357; x_wconf 81' lang='lat' dir='ltr'><strong>Achillis,</strong></span> <span class='ocrx_word' id='word_1_87' title='bbox 1314 1281 1415 1344; x_wconf 88' lang='lat' dir='ltr'><strong>immo</strong></span> 
     </span>
     <span class='ocr_line' id='line_1_11' title="bbox 318 1379 1411 1462; baseline 0.003 -21"><span class='ocrx_word' id='word_1_88' title='bbox 318 1385 351 1442; x_wconf 92' lang='lat' dir='ltr'><strong>et</strong></span> <span class='ocrx_word' id='word_1_89' title='bbox 366 1385 501 1444; x_wconf 89' lang='lat' dir='ltr'><strong>mertem</strong></span> <span class='ocrx_word' id='word_1_90' title='bbox 532 1379 678 1456; x_wconf 85' lang='lat' dir='ltr'><strong>Paridis,</strong></span> <span class='ocrx_word' id='word_1_91' title='bbox 703 1399 841 1462; x_wconf 85' lang='lat' dir='ltr'><strong>prorsus</strong></span> <span class='ocrx_word' id='word_1_92' title='bbox 863 1379 1065 1443; x_wconf 88' lang='lat' dir='ltr'><strong>conveniant</strong></span> <span class='ocrx_word' id='word_1_93' title='bbox 1090 1379 1125 1442; x_wconf 92' lang='lat' dir='ltr'><strong>in</strong></span> <span class='ocrx_word' id='word_1_94' title='bbox 1146 1379 1287 1444; x_wconf 90' lang='lat' dir='ltr'><strong>eandem</strong></span> <span class='ocrx_word' id='word_1_95' title='bbox 1313 1379 1411 1462; x_wconf 85' lang='lat' dir='ltr'><strong>plane</strong></span> 
     </span>
    </p>
   </div>
   <div class='ocr_carea' id='block_1_3' title="bbox 314 1479 1513 1764">
    <p class='ocr_par' dir='ltr' id='par_1_3' title="bbox 314 1479 1513 1764">
     <span class='ocr_line' id='line_1_12' title="bbox 317 1479 1513 1564; baseline 0.005 -24"><span class='ocrx_word' id='word_1_96' title='bbox 317 1496 428 1542; x_wconf 89' lang='lat' dir='ltr'><strong>rerum</strong></span> <span class='ocrx_word' id='word_1_97' title='bbox 449 1483 612 1544; x_wconf 78' lang='lat' dir='ltr'><strong>summam</strong></span> <span class='ocrx_word' id='word_1_98' title='bbox 627 1499 667 1544; x_wconf 85' lang='lat' dir='ltr'><strong>eo</strong></span> <span class='ocrx_word' id='word_1_99' title='bbox 687 1481 795 1560; x_wconf 88' lang='lat' dir='ltr'><strong>ipsam</strong></span> <span class='ocrx_word' id='word_1_100' title='bbox 813 1481 942 1556; x_wconf 87' lang='lat' dir='ltr'><strong>seriem,</strong></span> <span class='ocrx_word' id='word_1_101' title='bbox 963 1479 1081 1563; x_wconf 86' lang='lat' dir='ltr'><strong>(qnam</strong></span> <span class='ocrx_word' id='word_1_102' title='bbox 1103 1479 1181 1544; x_wconf 89' lang='lat' dir='ltr'><strong>vide</strong></span> <span class='ocrx_word' id='word_1_103' title='bbox 1202 1481 1289 1544; x_wconf 86' lang='lat' dir='ltr'><strong>infra</strong></span> <span class='ocrx_word' id='word_1_104' title='bbox 1312 1481 1330 1564; x_wconf 83' lang='lat'>§</span> <span class='ocrx_word' id='word_1_105' title='bbox 1345 1479 1416 1562; x_wconf 84' lang='lat'><strong>19.)</strong></span> <span class='ocrx_word' id='word_1_106' title='bbox 1512 1521 1513 1554; x_wconf 65' lang='lat' dir='ltr'><strong>r</strong></span> 
     </span>
     <span class='ocr_line' id='line_1_13' title="bbox 314 1579 1513 1680; baseline 0.003 -39"><span class='ocrx_word' id='word_1_107' title='bbox 314 1597 395 1642; x_wconf 83' lang='lat' dir='ltr'><strong>cum</strong></span> <span class='ocrx_word' id='word_1_108' title='bbox 417 1584 531 1643; x_wconf 89' lang='lat' dir='ltr'><strong>nostre</strong></span> <span class='ocrx_word' id='word_1_109' title='bbox 554 1579 719 1662; x_wconf 88' lang='lat' dir='ltr'><strong>Septimio</strong></span> <span class='ocrx_word' id='word_1_110' title='bbox 740 1597 762 1642; x_wconf 92' lang='lat' dir='ltr'><strong>a</strong></span> <span class='ocrx_word' id='word_1_111' title='bbox 784 1579 843 1642; x_wconf 91' lang='lat' dir='ltr'><strong>lib.</strong></span> <span class='ocrx_word' id='word_1_112' title='bbox 860 1594 916 1642; x_wconf 85' lang='grc' dir='ltr'><strong>ιιι.</strong></span> <span class='ocrx_word' id='word_1_113' title='bbox 940 1580 993 1642; x_wconf 74' lang='lat' dir='ltr'><strong>lo.</strong></span> <span class='ocrx_word' id='word_1_114' title='bbox 1014 1599 1121 1664; x_wconf 87' lang='lat' dir='ltr'><strong>nsque</strong></span> <span class='ocrx_word' id='word_1_115' title='bbox 1143 1581 1185 1646; x_wconf 94' lang='lat' dir='ltr'><strong>ad</strong></span> <span class='ocrx_word' id='word_1_116' title='bbox 1210 1581 1267 1645; x_wconf 91' lang='lat' dir='ltr'><strong>lib.</strong></span> <span class='ocrx_word' id='word_1_117' title='bbox 1289 1596 1338 1642; x_wconf 86' lang='grc' dir='ltr'><strong>ιν.</strong></span> <span class='ocrx_word' id='word_1_118' title='bbox 1361 1581 1414 1644; x_wconf 94' lang='grc'><strong>22.</strong></span> <span class='ocrx_word' id='word_1_119' title='bbox 1512 1631 1513 1680; x_wconf 48' lang='grc' dir='ltr'><strong><em>ρ</em></strong></span> 
     </span>
     <span class='ocr_line' id='line_1_14' title="bbox 318 1679 1513 1764; baseline 0.001 -21"><span class='ocrx_word' id='word_1_120' title='bbox 318 1679 387 1744; x_wconf 85' lang='lat' dir='ltr'><strong>nisi</strong></span> <span class='ocrx_word' id='word_1_121' title='bbox 403 1680 492 1764; x_wconf 90' lang='lat' dir='ltr'><strong>qnod</strong></span> <span class='ocrx_word' id='word_1_122' title='bbox 505 1681 560 1745; x_wconf 88' lang='lat' dir='ltr'><strong>lric</strong></span> <span class='ocrx_word' id='word_1_123' title='bbox 576 1681 673 1762; x_wconf 80' lang='lat' dir='ltr'><strong>plnra</strong></span> <span class='ocrx_word' id='word_1_124' title='bbox 688 1679 791 1762; x_wconf 91' lang='lat' dir='ltr'><strong>paulo</strong></span> <span class='ocrx_word' id='word_1_125' title='bbox 814 1679 946 1755; x_wconf 85' lang='lat' dir='ltr'><strong>lrabeat,</strong></span> <span class='ocrx_word' id='word_1_126' title='bbox 963 1679 996 1742; x_wconf 92' lang='lat' dir='ltr'><strong>in</strong></span> <span class='ocrx_word' id='word_1_127' title='bbox 1012 1679 1077 1744; x_wconf 89' lang='lat' dir='ltr'><strong>hac</strong></span> <span class='ocrx_word' id='word_1_128' title='bbox 1093 1687 1202 1745; x_wconf 86' lang='lat' dir='ltr'><strong>antem</strong></span> <span class='ocrx_word' id='word_1_129' title='bbox 1219 1698 1284 1744; x_wconf 83' lang='lat' dir='ltr'><strong>unu</strong></span> <span class='ocrx_word' id='word_1_130' title='bbox 1298 1682 1416 1745; x_wconf 88' lang='lat' dir='ltr'><strong>mortis</strong></span> <span class='ocrx_word' id='word_1_131' title='bbox 1512 1685 1513 1724; x_wconf 65' lang='lat' dir='ltr'><strong>l</strong></span> 
     </span>
    </p>
   </div>
   <div class='ocr_carea' id='block_1_4' title="bbox 318 1780 1418 1864">
    <p class='ocr_par' dir='ltr' id='par_1_4' title="bbox 318 1780 1418 1864">
     <span class='ocr_line' id='line_1_15' title="bbox 318 1780 1418 1864; baseline 0.001 -19"><span class='ocrx_word' id='word_1_132' title='bbox 318 1781 567 1846; x_wconf 77' lang='lat' dir='ltr'><strong>circumstantia</strong></span> <span class='ocrx_word' id='word_1_133' title='bbox 591 1780 763 1845; x_wconf 87' lang='lat' dir='ltr'><strong>rideantur</strong></span> <span class='ocrx_word' id='word_1_134' title='bbox 789 1780 985 1860; x_wconf 88' lang='lat' dir='ltr'><strong>dissentire;</strong></span> <span class='ocrx_word' id='word_1_135' title='bbox 1007 1781 1085 1846; x_wconf 90' lang='lat' dir='ltr'><strong>ideo</strong></span> <span class='ocrx_word' id='word_1_136' title='bbox 1103 1782 1214 1846; x_wconf 86' lang='lat' dir='ltr'><strong>nullus</strong></span> <span class='ocrx_word' id='word_1_137' title='bbox 1236 1801 1298 1864; x_wconf 79' lang='lat' dir='ltr'><strong>ego</strong></span> <span class='ocrx_word' id='word_1_138' title='bbox 1322 1781 1418 1846; x_wconf 89' lang='lat' dir='ltr'><strong>dnbi-</strong></span> 
     </span>
    </p>
   </div>
   <div class='ocr_carea' id='block_1_5' title="bbox 317 1881 1512 2168">
    <p class='ocr_par' dir='ltr' id='par_1_5' title="bbox 317 1881 1512 2168">
     <span class='ocr_line' id='line_1_16' title="bbox 317 1881 1512 1966; baseline 0.006 -24"><span class='ocrx_word' id='word_1_139' title='bbox 317 1887 397 1958; x_wconf 86' lang='lat' dir='ltr'><strong>tem,</strong></span> <span class='ocrx_word' id='word_1_140' title='bbox 423 1883 506 1966; x_wconf 91' lang='lat' dir='ltr'><strong>quin</strong></span> <span class='ocrx_word' id='word_1_141' title='bbox 528 1882 620 1966; x_wconf 87' lang='lat' dir='ltr'><strong>apud</strong></span> <span class='ocrx_word' id='word_1_142' title='bbox 636 1881 791 1946; x_wconf 79' lang='lat' dir='ltr'><strong>Graecnm</strong></span> <span class='ocrx_word' id='word_1_143' title='bbox 815 1881 943 1965; x_wconf 85' lang='lat' dir='ltr'><strong>Dictyn</strong></span> <span class='ocrx_word' id='word_1_144' title='bbox 960 1881 1148 1946; x_wconf 89' lang='lat' dir='ltr'><strong>adhibitum</strong></span> <span class='ocrx_word' id='word_1_145' title='bbox 1163 1883 1261 1948; x_wconf 87' lang='lat' dir='ltr'><strong>suerit</strong></span> <span class='ocrx_word' id='word_1_146' title='bbox 1278 1883 1418 1948; x_wconf 82' lang='lat' dir='ltr'><strong>verbnm</strong></span> <span class='ocrx_word' id='word_1_147' title='bbox 1508 1884 1512 1913; x_wconf 64' lang='lat'><strong><em>³</em></strong></span> 
     </span>
     <span class='ocr_line' id='line_1_17' title="bbox 317 1983 1511 2068; baseline 0.002 -24"><span class='ocrx_word' id='word_1_148' title='bbox 317 1983 465 2062; x_wconf 82' lang='lat' dir='ltr'><strong>ambigui</strong></span> <span class='ocrx_word' id='word_1_149' title='bbox 481 2002 613 2060; x_wconf 87' lang='lat' dir='ltr'><strong>sensus,</strong></span> <span class='ocrx_word' id='word_1_150' title='bbox 629 1987 662 2046; x_wconf 90' lang='lat' dir='ltr'><strong>et</strong></span> <span class='ocrx_word' id='word_1_151' title='bbox 682 1984 897 2067; x_wconf 88' lang='lat' dir='ltr'><strong>potissimum</strong></span> <span class='ocrx_word' id='word_1_152' title='bbox 911 1983 1040 2048; x_wconf 90' lang='lat' dir='ltr'><strong>celebre</strong></span> <span class='ocrx_word' id='word_1_153' title='bbox 1062 1983 1143 2048; x_wconf 92' lang='lat' dir='ltr'><strong>illud</strong></span> <span class='ocrx_word' id='word_1_154' title='bbox 1167 1983 1330 2068; x_wconf 62' lang='grc' dir='ltr'><strong>ἀπέργξοτο,</strong></span> <span class='ocrx_word' id='word_1_155' title='bbox 1346 2003 1417 2066; x_wconf 89' lang='lat' dir='ltr'><strong>quo</strong></span> <span class='ocrx_word' id='word_1_156' title='bbox 1507 2025 1511 2063; x_wconf 43' lang='grc' dir='ltr'><strong><em>ρ</em></strong></span> 
     </span>
     <span class='ocr_line' id='line_1_18' title="bbox 317 2083 1510 2168; baseline -0.001 -23"><span class='ocrx_word' id='word_1_157' title='bbox 317 2083 514 2166; x_wconf 86' lang='lat' dir='ltr'><strong>simpliciter</strong></span> <span class='ocrx_word' id='word_1_158' title='bbox 538 2085 648 2167; x_wconf 90' lang='lat' dir='ltr'><strong>posito</strong></span> <span class='ocrx_word' id='word_1_159' title='bbox 670 2083 940 2168; x_wconf 76' lang='lat' dir='ltr'><strong>frequentissime</strong></span> <span class='ocrx_word' id='word_1_160' title='bbox 966 2093 1101 2150; x_wconf 83' lang='lat' dir='ltr'><strong>notatur</strong></span> <span class='ocrx_word' id='word_1_161' title='bbox 1127 2083 1356 2166; x_wconf 80' lang='lat' dir='ltr'><strong>suspendium,</strong></span> <span class='ocrx_word' id='word_1_162' title='bbox 1382 2092 1418 2150; x_wconf 90' lang='lat' dir='ltr'><strong>ut</strong></span> <span class='ocrx_word' id='word_1_163' title='bbox 1509 2101 1510 2144; x_wconf 56' lang='grc' dir='ltr'><em>ς</em></span> 
     </span>
    </p>
   </div>
   <div class='ocr_carea' id='block_1_6' title="bbox 314 2181 1421 2666">
    <p class='ocr_par' dir='ltr' id='par_1_6' title="bbox 314 2181 1421 2666">
     <span class='ocr_line' id='line_1_19' title="bbox 314 2181 1417 2268; baseline 0 -20"><span class='ocrx_word' id='word_1_164' title='bbox 314 2190 389 2249; x_wconf 84' lang='lat' dir='ltr'><strong>erat</strong></span> <span class='ocrx_word' id='word_1_165' title='bbox 410 2185 444 2248; x_wconf 91' lang='lat' dir='ltr'><strong>id</strong></span> <span class='ocrx_word' id='word_1_166' title='bbox 471 2205 572 2268; x_wconf 84' lang='lat' dir='ltr'><strong>genus</strong></span> <span class='ocrx_word' id='word_1_167' title='bbox 594 2185 792 2252; x_wconf 85' lang='lat' dir='ltr'><strong>voluntariae</strong></span> <span class='ocrx_word' id='word_1_168' title='bbox 808 2181 915 2266; x_wconf 71' lang='lat' dir='ltr'><strong>etpir</strong></span> <span class='ocrx_word' id='word_1_169' title='bbox 930 2201 1104 2248; x_wconf 88' lang='lat' dir='ltr'><strong>moerorem</strong></span> <span class='ocrx_word' id='word_1_170' title='bbox 1120 2184 1273 2264; x_wconf 72' lang='lat' dir='ltr'><strong>quaesitae</strong></span> <span class='ocrx_word' id='word_1_171' title='bbox 1295 2187 1417 2250; x_wconf 86' lang='lat' dir='ltr'><strong>mortis</strong></span> 
     </span>
     <span class='ocr_line' id='line_1_20' title="bbox 317 2281 1421 2364; baseline 0.004 -19"><span class='ocrx_word' id='word_1_172' title='bbox 317 2287 582 2360; x_wconf 85' lang='lat' dir='ltr'><strong>usitatissimum,</strong></span> <span class='ocrx_word' id='word_1_173' title='bbox 591 2285 652 2346; x_wconf 91' lang='lat' dir='ltr'><strong>sed</strong></span> <span class='ocrx_word' id='word_1_174' title='bbox 669 2291 780 2347; x_wconf 84' lang='lat' dir='ltr'><strong>tamen</strong></span> <span class='ocrx_word' id='word_1_175' title='bbox 795 2285 895 2345; x_wconf 87' lang='lat' dir='ltr'><strong>etiam</strong></span> <span class='ocrx_word' id='word_1_176' title='bbox 910 2282 980 2345; x_wconf 89' lang='lat' dir='ltr'><strong>alia</strong></span> <span class='ocrx_word' id='word_1_177' title='bbox 996 2281 1253 2364; x_wconf 89' lang='lat' dir='ltr'><strong>qualiscumque</strong></span> <span class='ocrx_word' id='word_1_178' title='bbox 1268 2302 1359 2348; x_wconf 87' lang='lat' dir='ltr'><strong>mors</strong></span> <span class='ocrx_word' id='word_1_179' title='bbox 1373 2304 1421 2348; x_wconf 82' lang='lat' dir='ltr'><strong>ex</strong></span> 
     </span>
     <span class='ocr_line' id='line_1_21' title="bbox 317 2381 1421 2462; baseline 0 -16"><span class='ocrx_word' id='word_1_180' title='bbox 317 2381 457 2446; x_wconf 82' lang='lat' dir='ltr'><strong>tristitia</strong></span> <span class='ocrx_word' id='word_1_181' title='bbox 470 2393 506 2445; x_wconf 90' lang='lat' dir='ltr'><strong>et</strong></span> <span class='ocrx_word' id='word_1_182' title='bbox 521 2399 639 2462; x_wconf 80' lang='lat' dir='ltr'><strong>angore</strong></span> <span class='ocrx_word' id='word_1_183' title='bbox 654 2382 754 2444; x_wconf 88' lang='lat' dir='ltr'><strong>animi</strong></span> <span class='ocrx_word' id='word_1_184' title='bbox 779 2381 883 2444; x_wconf 88' lang='lat' dir='ltr'><strong>nimio</strong></span> <span class='ocrx_word' id='word_1_185' title='bbox 904 2385 987 2456; x_wconf 87' lang='lat' dir='ltr'><strong>orta,</strong></span> <span class='ocrx_word' id='word_1_186' title='bbox 1003 2387 1042 2443; x_wconf 88' lang='lat' dir='ltr'><strong>nt</strong></span> <span class='ocrx_word' id='word_1_187' title='bbox 1065 2381 1194 2461; x_wconf 88' lang='lat' dir='ltr'><strong>liquido</strong></span> <span class='ocrx_word' id='word_1_188' title='bbox 1219 2382 1349 2446; x_wconf 88' lang='lat' dir='ltr'><strong>ostendi</strong></span> <span class='ocrx_word' id='word_1_189' title='bbox 1374 2384 1421 2446; x_wconf 87' lang='lat' dir='ltr'><strong>ad</strong></span> 
     </span>
     <span class='ocr_line' id='line_1_22' title="bbox 318 2478 1421 2561; baseline 0.002 -17"><span class='ocrx_word' id='word_1_190' title='bbox 318 2481 446 2545; x_wconf 86' lang='lat' dir='ltr'><strong>AEliani</strong></span> <span class='ocrx_word' id='word_1_191' title='bbox 463 2481 545 2546; x_wconf 86' lang='lat' dir='ltr'><strong>Var.</strong></span> <span class='ocrx_word' id='word_1_192' title='bbox 562 2480 657 2544; x_wconf 90' lang='lat' dir='ltr'><strong>Hist.</strong></span> <span class='ocrx_word' id='word_1_193' title='bbox 675 2497 710 2542; x_wconf 91' lang='lat' dir='ltr'><strong>v.</strong></span> <span class='ocrx_word' id='word_1_194' title='bbox 724 2479 755 2545; x_wconf 80' lang='lat'><strong>8.</strong></span> <span class='ocrx_word' id='word_1_195' title='bbox 799 2478 911 2561; x_wconf 80' lang='lat' dir='ltr'><strong>Atque</strong></span> <span class='ocrx_word' id='word_1_196' title='bbox 926 2481 973 2544; x_wconf 87' lang='lat' dir='ltr'><strong>ita</strong></span> <span class='ocrx_word' id='word_1_197' title='bbox 993 2479 1135 2542; x_wconf 84' lang='lat' dir='ltr'><strong>Tzelzes</strong></span> <span class='ocrx_word' id='word_1_198' title='bbox 1158 2479 1192 2539; x_wconf 93' lang='lat' dir='ltr'><strong>id</strong></span> <span class='ocrx_word' id='word_1_199' title='bbox 1217 2480 1354 2544; x_wconf 88' lang='lat' dir='ltr'><strong>verbnm</strong></span> <span class='ocrx_word' id='word_1_200' title='bbox 1375 2485 1421 2558; x_wconf 78' lang='lat' dir='ltr'><strong>de</strong></span> 
     </span>
     <span class='ocr_line' id='line_1_23' title="bbox 315 2576 1421 2666; baseline 0 -20"><span class='ocrx_word' id='word_1_201' title='bbox 315 2583 513 2666; x_wconf 88' lang='lat' dir='ltr'><strong>suspendio,</strong></span> <span class='ocrx_word' id='word_1_202' title='bbox 544 2601 612 2665; x_wconf 91' lang='lat' dir='ltr'><strong>quo</strong></span> <span class='ocrx_word' id='word_1_203' title='bbox 643 2582 743 2646; x_wconf 91' lang='lat' dir='ltr'><strong>modo</strong></span> <span class='ocrx_word' id='word_1_204' title='bbox 769 2579 912 2664; x_wconf 86' lang='lat' dir='ltr'><strong>periisse</strong></span> <span class='ocrx_word' id='word_1_205' title='bbox 951 2579 1109 2644; x_wconf 90' lang='lat' dir='ltr'><strong>OEnonen</strong></span> <span class='ocrx_word' id='word_1_206' title='bbox 1142 2576 1281 2640; x_wconf 89' lang='lat' dir='ltr'><strong>tradunt</strong></span> <span class='ocrx_word' id='word_1_207' title='bbox 1311 2581 1421 2646; x_wconf 83' lang='lat' dir='ltr'><strong>etiam</strong></span> 
     </span>
    </p>
   </div>
   <div class='ocr_carea' id='block_1_7' title="bbox 312 2678 1421 2768">
    <p class='ocr_par' dir='ltr' id='par_1_7' title="bbox 312 2678 1421 2768">
     <span class='ocr_line' id='line_1_24' title="bbox 312 2678 1421 2768; baseline -0.001 -20"><span class='ocrx_word' id='word_1_208' title='bbox 312 2683 552 2768; x_wconf 75' lang='lat' dir='ltr'><strong>Apollodorus</strong></span> <span class='ocrx_word' id='word_1_209' title='bbox 575 2697 611 2748; x_wconf 90' lang='lat' dir='ltr'><strong>et</strong></span> <span class='ocrx_word' id='word_1_210' title='bbox 625 2682 754 2761; x_wconf 81' lang='lat' dir='ltr'><strong>Conon,</strong></span> <span class='ocrx_word' id='word_1_211' title='bbox 775 2685 1022 2766; x_wconf 86' lang='lat' dir='ltr'><strong>interpretatus,</strong></span> <span class='ocrx_word' id='word_1_212' title='bbox 1038 2679 1210 2746; x_wconf 84' lang='lat' dir='ltr'><strong>addidisse</strong></span> <span class='ocrx_word' id='word_1_213' title='bbox 1228 2678 1359 2744; x_wconf 86' lang='lat' dir='ltr'><strong>videtur</strong></span> <span class='ocrx_word' id='word_1_214' title='bbox 1375 2685 1421 2747; x_wconf 91' lang='lat' dir='ltr'><strong>de</strong></span> 
     </span>
    </p>
   </div>
   <div class='ocr_carea' id='block_1_8' title="bbox 311 2782 1513 2867">
    <p class='ocr_par' dir='ltr' id='par_1_8' title="bbox 311 2782 1513 2867">
     <span class='ocr_line' id='line_1_25' title="bbox 311 2782 1513 2867; baseline -0.001 -20"><span class='ocrx_word' id='word_1_215' title='bbox 311 2804 390 2861; x_wconf 89' lang='lat' dir='ltr'><strong>sno,</strong></span> <span class='ocrx_word' id='word_1_216' title='bbox 414 2785 542 2867; x_wconf 77' lang='grc' dir='ltr'><strong><em>βρόχοις,</em></strong></span> <span class='ocrx_word' id='word_1_217' title='bbox 565 2786 657 2864; x_wconf 87' lang='lat' dir='ltr'><strong>qnod</strong></span> <span class='ocrx_word' id='word_1_218' title='bbox 686 2786 796 2863; x_wconf 89' lang='lat' dir='ltr'><strong>ipsum</strong></span> <span class='ocrx_word' id='word_1_219' title='bbox 819 2783 899 2846; x_wconf 90' lang='lat' dir='ltr'><strong>addi</strong></span> <span class='ocrx_word' id='word_1_220' title='bbox 927 2782 1063 2844; x_wconf 89' lang='lat' dir='ltr'><strong>minime</strong></span> <span class='ocrx_word' id='word_1_221' title='bbox 1084 2785 1175 2844; x_wconf 77' lang='lat' dir='ltr'><strong>e&#39;sset</strong></span> <span class='ocrx_word' id='word_1_222' title='bbox 1201 2797 1300 2861; x_wconf 89' lang='lat' dir='ltr'><strong>opus,</strong></span> <span class='ocrx_word' id='word_1_223' title='bbox 1324 2782 1354 2844; x_wconf 88' lang='lat' dir='ltr'><strong>si</strong></span> <span class='ocrx_word' id='word_1_224' title='bbox 1382 2784 1418 2844; x_wconf 78' lang='grc' dir='ltr'><strong>τὸ</strong></span> <span class='ocrx_word' id='word_1_225' title='bbox 1512 2833 1513 2846; x_wconf 69' lang='grc'><strong>.</strong></span> 
     </span>
    </p>
   </div>
   <div class='ocr_carea' id='block_1_9' title="bbox 314 2879 1418 2974">
    <p class='ocr_par' dir='ltr' id='par_1_9' title="bbox 314 2879 1418 2974">
     <span class='ocr_line' id='line_1_26' title="bbox 314 2879 1418 2974; baseline -0.001 -32"><span class='ocrx_word' id='word_1_226' title='bbox 314 2881 517 2962; x_wconf 75' lang='grc' dir='ltr'><strong><em>Ἀοίογχοοθοο</em></strong></span> <span class='ocrx_word' id='word_1_227' title='bbox 532 2899 589 2960; x_wconf 87' lang='lat' dir='ltr'><strong>per</strong></span> <span class='ocrx_word' id='word_1_228' title='bbox 602 2897 638 2940; x_wconf 89' lang='lat' dir='ltr'><strong>se</strong></span> <span class='ocrx_word' id='word_1_229' title='bbox 649 2879 773 2941; x_wconf 91' lang='lat' dir='ltr'><strong>nullum</strong></span> <span class='ocrx_word' id='word_1_230' title='bbox 791 2879 885 2942; x_wconf 90' lang='lat' dir='ltr'><strong>aliud</strong></span> <span class='ocrx_word' id='word_1_231' title='bbox 899 2899 1001 2958; x_wconf 81' lang='lat' dir='ltr'><strong>genus</strong></span> <span class='ocrx_word' id='word_1_232' title='bbox 1016 2880 1133 2942; x_wconf 89' lang='lat' dir='ltr'><strong>mortis</strong></span> <span class='ocrx_word' id='word_1_233' title='bbox 1148 2899 1249 2960; x_wconf 86' lang='lat' dir='ltr'><strong>quam</strong></span> <span class='ocrx_word' id='word_1_234' title='bbox 1266 2884 1418 2974; x_wconf 57' lang='lat' dir='ltr'><strong>strangu5</strong></span> 
     </span>
    </p>
   </div>
   <div class='ocr_carea' id='block_1_10' title="bbox 314 2975 1512 3064">
    <p class='ocr_par' dir='ltr' id='par_1_10' title="bbox 314 2975 1512 3064">
     <span class='ocr_line' id='line_1_27' title="bbox 314 2975 1512 3064; baseline 0.001 -21"><span class='ocrx_word' id='word_1_235' title='bbox 314 2979 483 3056; x_wconf 89' lang='lat' dir='ltr'><strong>lationem,</strong></span> <span class='ocrx_word' id='word_1_236' title='bbox 506 2999 581 3062; x_wconf 81' lang='lat' dir='ltr'><strong>quse</strong></span> <span class='ocrx_word' id='word_1_237' title='bbox 603 2979 726 3061; x_wconf 83' lang='lat' dir='ltr'><strong>laqueo</strong></span> <span class='ocrx_word' id='word_1_238' title='bbox 751 2977 800 3053; x_wconf 87' lang='lat' dir='ltr'><strong>fit,</strong></span> <span class='ocrx_word' id='word_1_239' title='bbox 826 2984 978 3042; x_wconf 88' lang='lat' dir='ltr'><strong>notasset</strong></span> <span class='ocrx_word' id='word_1_240' title='bbox 1002 2976 1092 3060; x_wconf 86' lang='lat' dir='ltr'><strong>apud</strong></span> <span class='ocrx_word' id='word_1_241' title='bbox 1114 2975 1281 3043; x_wconf 77' lang='lat' dir='ltr'><strong>Gree&#39;cos:</strong></span> <span class='ocrx_word' id='word_1_242' title='bbox 1304 2982 1417 3062; x_wconf 87' lang='lat' dir='ltr'><strong>Septi·</strong></span> <span class='ocrx_word' id='word_1_243' title='bbox 1511 3029 1512 3064; x_wconf 51' lang='grc' dir='ltr'><strong><em>ρ</em></strong></span> 
     </span>
    </p>
   </div>
   <div class='ocr_carea' id='block_1_11' title="bbox 306 3077 1511 4160">
    <p class='ocr_par' dir='ltr' id='par_1_11' title="bbox 306 3077 1511 4160">
     <span class='ocr_line' id='line_1_28' title="bbox 315 3077 1416 3162; baseline 0.004 -20"><span class='ocrx_word' id='word_1_244' title='bbox 315 3079 403 3143; x_wconf 89' lang='lat' dir='ltr'><strong>mins</strong></span> <span class='ocrx_word' id='word_1_245' title='bbox 416 3098 497 3143; x_wconf 79' lang='lat' dir='ltr'><strong>vero</strong></span> <span class='ocrx_word' id='word_1_246' title='bbox 520 3081 566 3144; x_wconf 85' lang='lat' dir='ltr'><strong>ita</strong></span> <span class='ocrx_word' id='word_1_247' title='bbox 588 3079 773 3162; x_wconf 74' lang='lat' dir='ltr'><strong>accepisse·</strong></span> <span class='ocrx_word' id='word_1_248' title='bbox 789 3077 881 3154; x_wconf 90' lang='lat' dir='ltr'><strong>illud,</strong></span> <span class='ocrx_word' id='word_1_249' title='bbox 897 3081 997 3160; x_wconf 89' lang='lat' dir='ltr'><strong>quasi</strong></span> <span class='ocrx_word' id='word_1_250' title='bbox 1020 3098 1095 3143; x_wconf 88' lang='lat' dir='ltr'><strong>eam</strong></span> <span class='ocrx_word' id='word_1_251' title='bbox 1111 3082 1351 3162; x_wconf 83' lang='lat' dir='ltr'><strong>strangulasset</strong></span> <span class='ocrx_word' id='word_1_252' title='bbox 1365 3082 1416 3146; x_wconf 90' lang='lat' dir='ltr'><strong>in·</strong></span> 
     </span>
     <span class='ocr_line' id='line_1_29' title="bbox 314 3177 1415 3261; baseline 0.003 -18"><span class='ocrx_word' id='word_1_253' title='bbox 314 3181 429 3245; x_wconf 87' lang='lat' dir='ltr'><strong>clusus</strong></span> <span class='ocrx_word' id='word_1_254' title='bbox 459 3179 568 3258; x_wconf 90' lang='lat' dir='ltr'><strong>dolor,</strong></span> <span class='ocrx_word' id='word_1_255' title='bbox 594 3190 630 3242; x_wconf 90' lang='lat' dir='ltr'><strong>et</strong></span> <span class='ocrx_word' id='word_1_256' title='bbox 655 3178 834 3243; x_wconf 83' lang='lat' dir='ltr'><strong>immodice</strong></span> <span class='ocrx_word' id='word_1_257' title='bbox 862 3177 1062 3244; x_wconf 85' lang='lat' dir='ltr'><strong>suffocasset</strong></span> <span class='ocrx_word' id='word_1_258' title='bbox 1092 3179 1194 3243; x_wconf 83' lang='lat' dir='ltr'><strong>enimi</strong></span> <span class='ocrx_word' id='word_1_259' title='bbox 1226 3182 1415 3261; x_wconf 83' lang='lat' dir='ltr'><strong>aegritudo:</strong></span> 
     </span>
     <span class='ocr_line' id='line_1_30' title="bbox 313 3276 1416 3364; baseline 0.005 -24"><span class='ocrx_word' id='word_1_260' title='bbox 313 3279 412 3359; x_wconf 88' lang='lat' dir='ltr'><strong>plane</strong></span> <span class='ocrx_word' id='word_1_261' title='bbox 434 3287 472 3342; x_wconf 89' lang='lat' dir='ltr'><strong>ut</strong></span> <span class='ocrx_word' id='word_1_262' title='bbox 486 3281 543 3342; x_wconf 89' lang='lat' dir='ltr'><strong>atii</strong></span> <span class='ocrx_word' id='word_1_263' title='bbox 559 3299 693 3361; x_wconf 87' lang='lat' dir='ltr'><strong>quoque</strong></span> <span class='ocrx_word' id='word_1_264' title='bbox 711 3288 867 3344; x_wconf 88' lang='lat' dir='ltr'><strong>auctores</strong></span> <span class='ocrx_word' id='word_1_265' title='bbox 893 3282 1020 3362; x_wconf 79' lang='lat' dir='ltr'><strong>saepius</strong></span> <span class='ocrx_word' id='word_1_266' title='bbox 1042 3276 1416 3364; x_wconf 68' lang='grc' dir='ltr'><strong>1111111Ἀοοάγχοοθοοροο</strong></span> 
     </span>
     <span class='ocr_line' id='line_1_31' title="bbox 313 3378 1511 3466; baseline 0.006 -28"><span class='ocrx_word' id='word_1_267' title='bbox 313 3378 465 3456; x_wconf 85' lang='lat' dir='ltr'><strong>generale</strong></span> <span class='ocrx_word' id='word_1_268' title='bbox 490 3380 627 3441; x_wconf 89' lang='lat' dir='ltr'><strong>verbnm</strong></span> <span class='ocrx_word' id='word_1_269' title='bbox 651 3379 811 3443; x_wconf 89' lang='lat' dir='ltr'><strong>moriendi</strong></span> <span class='ocrx_word' id='word_1_270' title='bbox 837 3378 1061 3455; x_wconf 86' lang='lat' dir='ltr'><strong>reddiderunt,</strong></span> <span class='ocrx_word' id='word_1_271' title='bbox 1084 3380 1176 3461; x_wconf 89' lang='lat' dir='ltr'><strong>quod</strong></span> <span class='ocrx_word' id='word_1_272' title='bbox 1201 3381 1316 3444; x_wconf 88' lang='lat' dir='ltr'><strong>itidem</strong></span> <span class='ocrx_word' id='word_1_273' title='bbox 1338 3381 1370 3444; x_wconf 87' lang='lat' dir='ltr'><strong>d.</strong></span> <span class='ocrx_word' id='word_1_274' title='bbox 1392 3383 1414 3444; x_wconf 89' lang='lat' dir='ltr'><strong>l.</strong></span> <span class='ocrx_word' id='word_1_275' title='bbox 1510 3461 1511 3466; x_wconf 8' lang='grc' dir='ltr'><strong><em>ρ</em></strong></span> 
     </span>
     <span class='ocr_line' id='line_1_32' title="bbox 312 3475 597 3559; baseline 0 -19"><span class='ocrx_word' id='word_1_276' title='bbox 312 3477 490 3559; x_wconf 83' lang='lat' dir='ltr'><strong>probatum</strong></span> <span class='ocrx_word' id='word_1_277' title='bbox 508 3475 597 3552; x_wconf 84' lang='lat' dir='ltr'><strong>dedi.</strong></span> 
     </span>
     <span class='ocr_line' id='line_1_33' title="bbox 309 3577 1406 3661; baseline 0.008 -21"><span class='ocrx_word' id='word_1_278' title='bbox 309 3623 316 3630; x_wconf 87' lang='lat'>.</span> <span class='ocrx_word' id='word_1_279' title='bbox 357 3593 437 3640; x_wconf 89' lang='lat' dir='ltr'><strong>xrv.</strong></span> <span class='ocrx_word' id='word_1_280' title='bbox 460 3577 517 3642; x_wconf 88' lang='lat' dir='ltr'><strong>Ita</strong></span> <span class='ocrx_word' id='word_1_281' title='bbox 538 3577 622 3642; x_wconf 81' lang='lat' dir='ltr'><strong>satis</strong></span> <span class='ocrx_word' id='word_1_282' title='bbox 642 3577 714 3660; x_wconf 83' lang='lat' dir='ltr'><strong>jam</strong></span> <span class='ocrx_word' id='word_1_283' title='bbox 731 3585 857 3642; x_wconf 87' lang='lat' dir='ltr'><strong>certum</strong></span> <span class='ocrx_word' id='word_1_284' title='bbox 873 3585 907 3642; x_wconf 90' lang='lat' dir='ltr'><strong>et</strong></span> <span class='ocrx_word' id='word_1_285' title='bbox 922 3581 1048 3648; x_wconf 85' lang='lat' dir='ltr'><strong>clarum</strong></span> <span class='ocrx_word' id='word_1_286' title='bbox 1064 3597 1141 3642; x_wconf 88' lang='lat' dir='ltr'><strong>esse</strong></span> <span class='ocrx_word' id='word_1_287' title='bbox 1155 3585 1248 3661; x_wconf 85' lang='lat' dir='ltr'><strong>puto,</strong></span> <span class='ocrx_word' id='word_1_288' title='bbox 1263 3579 1406 3646; x_wconf 81' lang='lat' dir='ltr'><strong>Grrecos</strong></span> 
     </span>
     <span class='ocr_line' id='line_1_34' title="bbox 312 3677 1408 3763; baseline 0.003 -21"><span class='ocrx_word' id='word_1_289' title='bbox 312 3677 495 3759; x_wconf 83' lang='lat' dir='ltr'><strong>scriptores</strong></span> <span class='ocrx_word' id='word_1_290' title='bbox 521 3696 586 3739; x_wconf 93' lang='lat' dir='ltr'><strong>non</strong></span> <span class='ocrx_word' id='word_1_291' title='bbox 613 3677 715 3740; x_wconf 82' lang='lat' dir='ltr'><strong>alium</strong></span> <span class='ocrx_word' id='word_1_292' title='bbox 739 3679 898 3742; x_wconf 86' lang='lat' dir='ltr'><strong>habuisse</strong></span> <span class='ocrx_word' id='word_1_293' title='bbox 920 3684 954 3741; x_wconf 88' lang='lat' dir='ltr'><strong>et</strong></span> <span class='ocrx_word' id='word_1_294' title='bbox 974 3679 1133 3743; x_wconf 85' lang='lat' dir='ltr'><strong>laudasse</strong></span> <span class='ocrx_word' id='word_1_295' title='bbox 1156 3678 1292 3760; x_wconf 87' lang='lat' dir='ltr'><strong>Dictyn,</strong></span> <span class='ocrx_word' id='word_1_296' title='bbox 1307 3699 1408 3763; x_wconf 82' lang='lat' dir='ltr'><strong>quum</strong></span> 
     </span>
     <span class='ocr_line' id='line_1_35' title="bbox 310 3777 1413 3861; baseline -0.001 -20"><span class='ocrx_word' id='word_1_297' title='bbox 310 3780 400 3842; x_wconf 91' lang='lat' dir='ltr'><strong>hunc</strong></span> <span class='ocrx_word' id='word_1_298' title='bbox 429 3777 552 3859; x_wconf 92' lang='lat' dir='ltr'><strong>ipsum,</strong></span> <span class='ocrx_word' id='word_1_299' title='bbox 578 3795 678 3858; x_wconf 89' lang='lat' dir='ltr'><strong>quem</strong></span> <span class='ocrx_word' id='word_1_300' title='bbox 707 3779 888 3860; x_wconf 88' lang='lat' dir='ltr'><strong>Septimius</strong></span> <span class='ocrx_word' id='word_1_301' title='bbox 910 3777 1033 3843; x_wconf 78' lang='lat' dir='ltr'><strong>Latino</strong></span> <span class='ocrx_word' id='word_1_302' title='bbox 1058 3777 1229 3861; x_wconf 86' lang='lat' dir='ltr'><strong>expressit</strong></span> <span class='ocrx_word' id='word_1_303' title='bbox 1249 3798 1413 3842; x_wconf 86' lang='lat' dir='ltr'><strong>sermone.</strong></span> 
     </span>
     <span class='ocr_line' id='line_1_36' title="bbox 311 3877 1410 3962; baseline 0.002 -22"><span class='ocrx_word' id='word_1_304' title='bbox 311 3877 395 3940; x_wconf 89' lang='lat' dir='ltr'><strong>Inde</strong></span> <span class='ocrx_word' id='word_1_305' title='bbox 408 3896 487 3941; x_wconf 83' lang='lat' dir='ltr'><strong>vero</strong></span> <span class='ocrx_word' id='word_1_306' title='bbox 503 3879 663 3960; x_wconf 89' lang='lat' dir='ltr'><strong>sequitur,</strong></span> <span class='ocrx_word' id='word_1_307' title='bbox 679 3896 791 3942; x_wconf 86' lang='lat' dir='ltr'><strong>verum</strong></span> <span class='ocrx_word' id='word_1_308' title='bbox 816 3897 893 3960; x_wconf 85' lang='lat' dir='ltr'><strong>ergo</strong></span> <span class='ocrx_word' id='word_1_309' title='bbox 909 3899 983 3942; x_wconf 90' lang='lat' dir='ltr'><strong>esse</strong></span> <span class='ocrx_word' id='word_1_310' title='bbox 998 3878 1209 3962; x_wconf 83' lang='lat' dir='ltr'><strong>hauddubie,</strong></span> <span class='ocrx_word' id='word_1_311' title='bbox 1225 3877 1314 3961; x_wconf 91' lang='lat' dir='ltr'><strong>quod</strong></span> <span class='ocrx_word' id='word_1_312' title='bbox 1325 3878 1410 3959; x_wconf 89' lang='lat' dir='ltr'><strong>Sep·</strong></span> 
     </span>
     <span class='ocr_line' id='line_1_37' title="bbox 312 3976 1409 4063; baseline 0 -25"><span class='ocrx_word' id='word_1_313' title='bbox 312 3977 427 4043; x_wconf 89' lang='lat' dir='ltr'><strong>timius</strong></span> <span class='ocrx_word' id='word_1_314' title='bbox 450 3979 523 4061; x_wconf 90' lang='lat' dir='ltr'><strong>ipse</strong></span> <span class='ocrx_word' id='word_1_315' title='bbox 547 3979 631 4042; x_wconf 88' lang='lat' dir='ltr'><strong>ultro</strong></span> <span class='ocrx_word' id='word_1_316' title='bbox 664 3978 843 4063; x_wconf 87' lang='lat' dir='ltr'><strong>profitetur,</strong></span> <span class='ocrx_word' id='word_1_317' title='bbox 865 3998 902 4060; x_wconf 84' lang='lat' dir='ltr'><strong>se</strong></span> <span class='ocrx_word' id='word_1_318' title='bbox 931 3976 1108 4042; x_wconf 86' lang='lat' dir='ltr'><strong>‘libellos&#39;</strong></span> <span class='ocrx_word' id='word_1_319' title='bbox 1129 3977 1233 4040; x_wconf 92' lang='lat' dir='ltr'><strong>hosce</strong></span> <span class='ocrx_word' id='word_1_320' title='bbox 1260 3977 1409 4062; x_wconf 23' lang='lat' dir='ltr'><strong>‘Graelca</strong></span> 
     </span>
     <span class='ocr_line' id='line_1_38' title="bbox 306 4075 1408 4160; baseline 0 -20"><span class='ocrx_word' id='word_1_321' title='bbox 306 4075 480 4140; x_wconf 80' lang='lat' dir='ltr'><strong>oratione’</strong></span> <span class='ocrx_word' id='word_1_322' title='bbox 505 4080 661 4160; x_wconf 86' lang='lat' dir='ltr'><strong>scriptos,</strong></span> <span class='ocrx_word' id='word_1_323' title='bbox 686 4081 762 4143; x_wconf 88' lang='lat' dir='ltr'><strong>‘nti</strong></span> <span class='ocrx_word' id='word_1_324' title='bbox 785 4085 889 4156; x_wconf 79' lang='lat' dir='ltr'><strong>erant,</strong></span> <span class='ocrx_word' id='word_1_325' title='bbox 913 4079 1029 4144; x_wconf 86' lang='lat' dir='ltr'><strong>Latine</strong></span> <span class='ocrx_word' id='word_1_326' title='bbox 1053 4075 1272 4154; x_wconf 65' lang='lat' dir='ltr'><strong>disseruisse!</strong></span> <span class='ocrx_word' id='word_1_327' title='bbox 1318 4078 1408 4142; x_wconf 85' lang='lat' dir='ltr'><strong>Nam</strong></span> 
     </span>
    </p>
   </div>
   <div class='ocr_carea' id='block_1_12' title="bbox 0 0 1522 4918">
    <p class='ocr_par' dir='ltr' id='par_1_12' title="bbox 0 0 1522 4918">
     <span class='ocr_line' id='line_1_39' title="bbox 0 0 1522 4918; baseline 0 0"><span class='ocrx_word' id='word_1_328' title='bbox 0 0 1522 4918; x_wconf 95' lang='lat' dir='ltr'><strong> </strong></span> 
     </span>
    </p>
   </div>
  </div>
 </body>
</html>
