3028 4900
325 287 370 356 sp
761 289 849 340 nun.
871 285 982 336 surus

325 463 414 512 nera
427 463 446 508 e
461 441 601 508 stillanti
622 439 972 522 ruluarearnsrgmant
988 433 1290 520 'capimiabnlatur
1305 431 1409 516 Apol-

326 545 476 610 lodorus.
491 541 650 608 Biblioth.
669 557 726 605 ιι..
1049 609 1057 627 ·

370 643 483 728 Hujus
497 647 609 707 nutam
625 639 753 724 Hydrae
769 639 814 704 iel
828 643 898 704 erat
920 643 1021 702 tantm
1044 631 1267 716 malignitatis,
1281 639 1323 696 nt
1344 631 1412 714 spi·

326 745 401 810 aula
414 763 457 808 ao
474 744 578 808 tinctu
590 741 727 806 vumera
748 739 936 822 infligerent
955 734 1161 802 insanabilia.
1205 731 1348 798 Diodor.
1363 748 1412 796 ιν.

326 845 380 908 ll.
396 843 560 928 Hyginus.
575 841 628 906 30.
645 839 728 904 Fab.
744 837 884 915 Senaea,
905 837 952 902 H.
967 835 1044 900 Fur.
1058 833 1153 898 luno.
1176 839 1212 896 nt
1224 839 1259 897 et
1271 833 1414 915 AEsohy-
1505 907 1506 912 ἵ

325 945 391 1023 lus,
407 942 585 1017 Pindarus,
598 945 658 1006 lm.
700 953 707 962 '

370 1043 535 1108 Nummus
563 1042 617 1107 hio
641 1048 691 1106 est
716 1040 952 1117 thstiornm,
977 1038 1010 1100 in
1041 1037 1162 1116 Creta3
1198 1055 1297 1119 quem
1323 1035 1414 1098 dedit

327 1146 437 1212 urse.
454 1143 598 1208 Insulas.
612 1145 644 1208 7.
667 1142 754 1208 Tab·
778 1140 872 1206 Hub.
895 1139 1058 1216 Goltzius,
1083 1143 1120 1201 et
1140 1137 1215 1202 225.
1237 1136 1415 1202 illustrauit

329 1243 413 1311 Lnd.
429 1242 595 1310 Nunnius.

589 1505 594 1516 ·
655 1473 747 1538 XX.
790 1469 1091 1538 EURYPYLUS.

708 1623 790 1688 Lra.
806 1640 856 1688 ιν.
880 1623 969 1688 Gar.
986 1622 1038 1686 lt.

330 1805 441 1872 ‘Inter
453 1827 528 1890 quae
543 1806 682 1870 nuncius
693 1805 829 1870 Priamo
844 1805 1048 1890 supervenit,
1061 1803 1267 1887 Eurypylum
1275 1802 1418 1887 Telephi

370 1927 411 1972 ex
435 1905 560 1973 Moesia
583 1907 772 1984 adventare,
796 1927 892 1991 quem
920 1925 978 1969 rex
1007 1905 1123 1970 multis
1149 1910 1246 1968 autea
1267 1903 1418 1968 illectum

370 2007 518 2089 praemiis
542 2007 584 2070 ad
610 2013 809 2088 postremum
825 2006 993 2071 oblatione
1015 2003 1195 2089 desponsae
1212 2001 1419 2076 Cassandrae

370 2105 641 2171 confirmaverat!

371 2239 622 2315 Eunusrnnm,
634 2239 722 2304 lilius
730 2238 871 2318 Telephi
882 2245 917 2298 et
927 2235 1113 2314 Astyochea
1129 2233 1221 2317 (qnae
1237 2253 1333 2298 soror
1345 2234 1421 2298 Pri-

329 2333 413 2414 ami)
432 2341 566 2414 propter
594 2353 740 2396 amorem
755 2332 951 2395 Cassandrae
977 2331 1133 2414 Trojanis
1161 2353 1261 2416 opem
1285 2335 1421 2414 fereus;
1507 2403 1508 2410 y

329 2429 528 2494 adducendo
544 2429 700 2506 Gethone,
716 2429 839 2513 quibus
861 2428 1046 2510 imperabat
1061 2434 1105 2493 ad
1122 2431 1261 2494 Caicum
1278 2451 1423 2500 amnem.
1507 2415 1508 2428 ἶ

329 2528 373 2608 Q.
389 2527 593 2614 Smyruaeus,
610 2547 662 2596 vl.
676 2530 753 2594 121.

373 2631 454 2696 Fuit
482 2639 592 2697 autern
613 2633 862 2715 pulcherrimus,
894 2631 1045 2695 Homero
1074 2635 1172 2706 teste,
1201 2629 1291 2711 apud
1321 2650 1422 2714 quem

328 2733 412 2818 (Od.
435 2747 465 2796 λ.
493 2732 585 2815 519.)
620 2735 702 2798 inter
738 2733 915 2798 infernales
948 2732 1081 2795 umbras
1111 2729 1255 2794 occurrit
1290 2729 1421 2811 Ulyssi.

330 2834 398 2897 Sed
422 2839 455 2892 et
479 2833 632 2905 bellator,
648 2835 682 2894 in
704 2832 832 2912 praeliis
852 2833 1013 2912 plurimos
1043 2831 1184 2895 Graecoe
1212 2830 1420 2906 interimens,

330 2927 533 3010 tandemque
550 2938 660 2990 tamen
675 2930 760 3010 lpse,
776 2927 902 3010 Pyrrho
916 2930 1065 3008 feriente,
1082 2932 1293 2995 occumbens.
1323 2931 1420 2996 Idem
1507 2967 1508 3010 y

331 3025 524 3110 Smyrnaeus
539 3043 605 3095 vn.
620 3025 693 3092 180.
1507 3011 1508 3050 ³

333 3181 335 3186 .
374 3127 522 3193 Cernitur
537 3128 726 3213 Eurypylus
741 3130 776 3192 in
791 3128 1065 3215 Pergamenorum
1089 3129 1313 3208 Numismate,
1330 3130 1419 3213 apud

331 3228 453 3292 Eueon
473 3229 728 3316 ,Spanhemium
756 3233 797 3296 de
826 3229 928 3295 Num.
954 3249 1005 3295 us·
1027 3238 1060 3297 et
1087 3231 1264 3296 Praestaut.
1282 3248 1316 3292 v.
1342 3232 1418 3295 479.

200 3342 203 3350 ’
332 3327 499 3390 Hadriani
514 3328 601 3410 Imp.
617 3333 767 3413 tempore
787 3349 956 3412 percusso.
999 3329 1096 3396 Unde
1122 3332 1269 3414 Begerus
1294 3331 1419 3415 Perga·

331 3447 456 3505 menos,
479 3427 653 3492 Hadriano
677 3432 970 3512 supparasitautes,
984 3431 1123 3515 ejusque
1148 3436 1294 3498 favorem
1317 3455 1418 3498 nucu-

332 3533 462 3613 pautes,
478 3529 513 3591 iu
528 3528 702 3611 Eurypylo
724 3528 793 3591 fere
808 3528 944 3594 Antinoi
966 3530 1332 3618 dilectissimi'effigiem
1360 3555 1419 3600 ex-

332 3630 509 3714 pressisse,
525 3648 592 3692 non
607 3629 810 3712 ineleganter
833 3631 981 3714 conjicit.
