3036 4918
297 291 341 358 2o
554 305 633 355 rso.
657 305 850 354 rnrrzorur
877 305 1125 356 oresenrsrro

298 449 467 533 ‘quinque
489 449 522 514 iu
537 469 640 512 uuum
656 447 843 528 redegisse’
864 449 925 524 eit,
949 449 982 512 id
1008 467 1089 514 vero
1111 449 1195 514 levis
1218 469 1259 514 nc
1276 451 1387 516 tenuis

297 557 351 616 est
369 549 608 632 discrepantiae,
623 569 700 614 curn
716 549 893 614 seciiiimns
908 556 943 614 ct
960 551 1176 614 creberrimus
1191 551 1225 612 iu
1242 553 1387 616 numeris

298 651 503 716 librariorum
533 653 578 713 sit
598 651 736 734 lapsus:
758 657 796 714 ut
816 649 900 712 adeo
923 669 1059 734 prorsus
1080 658 1206 734 putem,
1221 650 1277 714 vel
1293 651 1389 734 epod

298 749 438 814 Suidam
460 750 633 832 legendum
647 747 724 825 δίκα,
738 751 792 812 rei
813 751 926 832 potius
940 751 1030 835 apud
1053 751 1264 835 Septimium,
1285 751 1390 814 ‘resi-

300 849 367 914 due
381 847 545 933 quatuor!

342 968 407 1015 vu.
431 950 587 1032 Denique
598 949 697 1014 sicuti
713 957 827 1016 noster
843 952 965 1035 Dictys
978 952 1091 1033 seipse
1103 951 1152 1016 eit
1165 969 1199 1014 v.
1217 953 1267 1016 17.
1283 953 1392 1034 scrip-

300 1053 388 1116 sisse
402 1051 468 1115 hoc
491 1071 579 1132 opus
603 1051 726 1116 ‘literis
748 1051 888 1116 Punicis
904 1054 947 1117 eb
973 1051 1103 1116 Cedmo
1125 1053 1308 1134 Deucoque
1325 1058 1392 1116 tre-
1511 1095 1512 1098 κ

301 1151 402 1227 ditis:
424 1153 474 1216 sic
489 1159 524 1215 et
537 1151 680 1216 Graecus
694 1151 847 1234 Scriptor
868 1155 900 1216 in
925 1152 1171 1233 Prolegomeuis
1187 1151 1394 1228 Rhetoricis,

303 1253 425 1315 citetus
441 1252 484 1315 ab
508 1251 632 1315 Ailetio
655 1249 696 1315 de
721 1250 838 1316 Patrio
853 1253 906 1316 59.
949 1250 1113 1334 ‘Dictyu'
1139 1251 1309 1328 Graecum,
1330 1271 1395 1316 seu

304 1339 686 1426 ‘Gnossiuru,=comitem
701 1349 895 1426 Idomenei‚’
922 1350 1032 1427 tredit,
1046 1349 1219 1435 συγγράψαι
1242 1353 1288 1414 τὸν
1305 1359 1397 1436 rget·-

307 1451 355 1510 aiu
368 1448 490 1530 erdarpov
506 1449 639 1514 Φοινίκων
653 1450 834 1534 γραμμᾶσιν,
848 1448 1034 1528 citimam
1048 1447 1114 1514 τότε
1128 1453 1182 1514 ἀπὸ
1199 1451 1315 1531 Κάδμου
1333 1476 1396 1532 μοι·

305 1550 394 1623 θόπις
410 1551 546 1636 ippone,
568 1551 769 1632 ‘scripsisse
790 1553 972 1636 'liojanum
989 1551 1113 1616 bellum
1134 1553 1240 1617 literis
1255 1552 1396 1632 Phoeni·
1511 1544 1514 1560 '

305 1671 394 1727 cum,
407 1652 529 1734 quibus
540 1651 651 1716 Graeci
664 1659 744 1716 tuuc
759 1671 781 1716 e
791 1650 922 1716 Cadmo
937 1652 1090 1734 ecceptis
1106 1649 1300 1718 utebantur!
1344 1652 1398 1716 De
1513 1657 1514 1672 ¹

304 1751 357 1815 his
372 1752 477 1817 literis
492 1771 627 1835 egemus
642 1752 809 1836 deinceps,
817 1751 955 1836 quando
964 1753 1193 1834 probabimus,
1202 1752 1398 1834 neutiquam

306 1852 412 1917 fuisse
436 1865 604 1918 auctorem
630 1861 779 1918 nostrum
798 1853 953 1936 Trojenis
979 1853 1186 1934 temporibus
1214 1852 1397 1934 nequaiem3

306 1951 396 2032 quod
418 1970 488 2032 pree
510 1973 548 2016 se
574 1954 647 2016 sert.
693 1952 793 2017 Nunc
819 1951 939 2018 sufficit
962 1961 1078 2018 nostro
1098 1952 1261 2029 instituto,
1284 1952 1399 2017 decia·
1511 1959 1512 2044 f

306 2073 399 2118 rasse
406 2057 506 2120 etiam
521 2057 637 2120 harum
648 2057 816 2120 literarum
828 2062 1030 2139 argumento,
1044 2056 1179 2139 Dictys,
1192 2073 1260 2136 quo
1270 2053 1398 2130 Graeci,
1510 2091 1511 2100 κ

308 2163 425 2240 etque
440 2157 623 2239 Septimius
637 2158 693 2222 hic
708 2163 761 2221 est
774 2158 980 2232 necessisse
992 2157 1145 2220 eundem.
1511 2207 1512 2226 ,

311 2287 315 2295 ·
352 2274 434 2319 vrrr.
458 2257 525 2320 Sed
540 2258 593 2320 vei
608 2259 752 2320 maxime
774 2256 810 2317 id
822 2257 927 2336 liquet
941 2273 986 2316 ex
1007 2254 1089 2318 Joh.
1113 2253 1253 2330 Malela,
1270 2256 1299 2319 si
1320 2272 1400 2320 cum
1510 2243 1512 2276 ⁵

303 2361 422 2417 nostro
439 2354 626 2418 conseratur
641 2354 807 2433 Septimio
828 2354 864 2417 iu
884 2351 940 2428 iis,
956 2371 1032 2433 quae
1055 2372 1098 2416 ex
1121 2354 1245 2435 Dictys
1261 2373 1298 2416 se
1314 2355 1403 2419 hau·

308 2454 396 2516 sisse
410 2453 587 2535 profitetur.
630 2450 726 2516 Adeo
740 2455 826 2516 enim
842 2459 1029 2533 congruunt
1050 2451 1160 2527 isthic,
1183 2469 1249 2512 non
1270 2453 1306 2512 io
1330 2455 1404 2520 hie*

310 2553 432 2618 teriam
455 2559 591 2631 tautum,
607 2553 667 2618 sed
688 2554 778 2617 etin
800 2554 950 2619 ordinem
971 2571 1075 2616 rerum
1098 2571 1138 2615 ec
1154 2551 1345 2626 verborum,
1363 2562 1406 2618 ut

311 2674 424 2721 oaecus
440 2673 515 2720 esse
535 2654 657 2720 debeat
678 2663 739 2721 aut
760 2657 959 2733 obstinatus,
974 2656 1037 2737 qui
1051 2659 1161 2736 neget,
1176 2651 1272 2715 illum
1297 2651 1404 2718 habu-

310 2757 379 2821 isse
407 2762 567 2832 nostrum,
597 2757 658 2820 scd
687 2756 843 2822 Graecum
873 2765 995 2833 tamen,
1019 2755 1142 2837 Dictyn
1169 2757 1247 2816 ante
1272 2753 1402 2815 oculos.

312 2856 505 2936 Specimiua
520 2854 674 2933 quaedem
688 2855 893 2933 proferemus
910 2873 1001 2930 mox,
1019 2864 1054 2916 ot
1067 2853 1295 2930 ostendamus
1318 2853 1404 2934 Sep·

312 2954 441 3015 timium
458 2971 501 3014 ex
518 2951 639 3016 Graeco
655 2952 782 3032 Dictys
796 2953 883 3016 hanc
899 2952 1118 3014 concinnasse
1132 2949 1337 3014 Versionem.

341 3065 413 3114 '1x.
437 3052 545 3116 Multa
561 3059 673 3115 tamen
687 3057 723 3114 et
744 3051 812 3115 elie
833 3051 947 3127 habet,
962 3070 1038 3132 quae
1053 3051 1140 3132 apud
1159 3049 1321 3113 Nostrum
1337 3070 1404 3116 uon
1503 3131 1507 3135 ᾗ

310 3163 517 3236 comparent,
532 3154 634 3216 multe
659 3153 760 3216 etiem
785 3151 890 3216 aliter.
934 3150 1063 3214 Prioris
1089 3151 1217 3247 generis
1235 3154 1311 3212 sunt
1326 3153 1405 3213 cha·
1514 3201 1515 3212 ,

309 3261 462 3315 ractores
485 3259 517 3313 et
538 3251 775 3331 descriptiones
807 3251 1002 3315 Graecorum
1022 3249 1309 3332 Trojanorumque
1334 3249 1405 3312 Du·
1514 3329 1515 3344 ἢ

315 3368 392 3411 curn
408 3368 448 3412 ac
465 3349 704 3426 Matronarum,
720 3369 805 3431 ques
830 3348 989 3424 Malelas,
1014 3355 1047 3414 et
1069 3350 1189 3413 Isecus
1213 3349 1405 3432 Porphyro-
1514 3361 1515 3440 ζ

316 3449 444 3529 genitus
465 3450 587 3529 pariter
601 3468 644 3529 ex
662 3449 784 3532 Dictys
800 3451 960 3513 sumsisse
975 3469 1010 3514 sc
1024 3450 1169 3526 tradunt,
1191 3450 1272 3514 licet
1287 3451 1353 3532 ipsi
1373 3452 1404 3514 in
1514 3495 1515 3498 ,

309 3545 427 3641 ³{erbis
451 3547 591 3610 muitum
617 3567 752 3631 quoquc
769 3551 856 3613 inter
877 3569 913 3612 se
938 3570 1028 3632 saepe
1051 3551 1185 3626 diversi,
1201 3557 1234 3614 et
1260 3569 1346 3632 quas
1371 3551 1406 3612 in

316 3655 444 3728 nostro
455 3647 575 3729 Dictys
588 3647 711 3712 frustra
725 3669 853 3731 queeres
867 3672 875 3712 :
900 3669 969 3732 quo
985 3658 1179 3732 argumento
1192 3650 1215 3715 J
1217 3669 1301 3714 anus
1317 3647 1405 3713 Rus

318 3749 446 3829 gersius
460 3747 541 3812 Var.
565 3747 660 3813 Lect.
679 3769 714 3836 v..
734 3751 787 3814 20.
812 3751 870 3813 ubi
894 3752 987 3814 Isaci
1008 3751 1170 3834 Porphyr.
1186 3750 1404 3814 characteres

316 3865 362 3912 ex
377 3847 471 3912 Meto
493 3845 809 3915 Amsteleedamensi
824 3853 967 3929 exhibet,
981 3869 1061 3916 eum'
1071 3859 1185 3916 censet
1200 3856 1279 3915 ‘a'ut
1292 3839 1405 3923 alium,

319 3967 421 4030 quam
443 3969 502 4013 uos
528 3951 702 4030 hebemus,
723 3953 881 4018 habuisse
905 3953 1055 4035 Dictym,
1078 3959 1137 4016 eut
1157 3952 1315 4016 memoria
1335 3951 1407 4032 iap-
