3036 4918
339 289 362 352 6
747 301 798 350 an
823 301 1032 350 cscronsa.

340 443 459 526 Dictys
476 461 555 508 vero
568 441 764 508 decennium
779 447 904 508 tentum
922 445 1028 526 ponit,
1045 461 1160 526 nempe
1183 461 1298 508 norem
1322 463 1435 528 expe-

339 543 465 620 ditioni,
479 543 641 610 decimum
662 543 759 608 hello.
812 541 963 626 Tragicis
976 545 1076 608 etiam
1097 543 1274 627 eliquendo
1290 545 1434 622 insistit,

339 661 477 727 quorum
493 645 640 710 omniurn
654 645 851 710 illustriores
866 643 996 708 leholas
1012 643 1153 724 attingit,
1165 663 1185 708 n
1195 663 1231 708 se
1246 645 1434 728 interpole-

339 751 393 808 tas
408 744 600 829 plerumque
616 751 650 808 et
665 743 847 828 expolitas.
891 741 1020 806 Graves
1042 743 1220 807 conciones
1234 743 1376 822 eddidit,
1393 755 1432 810 et

338 845 405 910 alie
430 845 576 911 historiae
599 846 792 908 omemente
816 841 1035 908 lucidissima.
1078 843 1161 926 Ejus
1173 842 1320 910 elocutio
1336 845 1433 911 luto·

336 946 425 1010 lente
450 945 654 1027 plerumque,
681 949 719 1005 ot
744 941 819 1023 ejus
842 941 958 1006 seculi
982 961 1050 1025 quo
1081 943 1227 1026 scripsit,
1252 943 1310 1008 sed
1337 945 1430 1010 node

336 1053 447 1108 terneo
459 1041 585 1126 aliquid
597 1041 707 1118 tolles,
722 1043 845 1126 quippe
862 1061 938 1124 quae
953 1043 1209 1125 elegantissimis
1223 1047 1429 1128 optimorum

336 1145 534 1228 scriptorum
569 1141 718 1205 flosculis
747 1141 907 1205 distincte
945 1143 998 1204 sit
1057 1141 1143 1208 Post
1171 1142 1428 1210 Constantinum

337 1245 496 1326 Magnum
512 1243 690 1324 scripsisse
707 1248 805 1324 putat
819 1239 980 1319 Vossius,
996 1251 1034 1306 et
1051 1241 1074 1308 J
1077 1262 1127 1307 os.
1143 1241 1314 1310 Mercorus
1336 1245 1429 1308 aeri·

332 1344 480 1408 similius
492 1343 600 1426 ipsius
609 1341 820 1406 Constantini
835 1347 947 1419 estete,
956 1361 999 1406 ex
1016 1343 1169 1426 Epistola
1185 1363 1261 1426 quoe
1274 1343 1426 1408 Arcadio

336 1443 475 1509 Cousnli
491 1441 603 1506 diceto
615 1440 959 1524 libellopraeponirur;
974 1459 1049 1506 enm
1060 1443 1146 1506 enirn
1157 1442 1340 1509 Arcadium
1356 1445 1426 1508 suh

336 1545 414 1626 ipso
426 1541 643 1607 Constantini
656 1541 771 1622 Magni
779 1541 919 1623 imperio
930 1543 1142 1606 consulatum
1152 1545 1296 1624 gessisse
1307 1553 1425 1608 notum

335 1651 399 1708 est.
444 1643 565 1726 Dictys
583 1643 750 1706 Cretensis
775 1661 895 1706 nomen
920 1643 1051 1718 ascivit,
1065 1645 1144 1725 quia
1169 1651 1306 1706 noverat
1319 1643 1426 1708 tuisse

335 1745 414 1809 olim
434 1745 565 1827 Dictym
580 1741 782 1820 Cretensem,
799 1743 969 1807 Idomenei
984 1743 1151 1819 comitem,
1163 1761 1301 1824 eumque
1316 1741 1425 1804 literis

334 1843 510 1910 mandasse
525 1861 602 1928 quae
616 1852 650 1908 et
664 1845 737 1926 ipse
752 1845 894 1922 videret,
916 1852 951 1908 et
971 1863 1109 1927 quornm
1125 1843 1225 1908 etiam
1251 1861 1329 1926 pers
1350 1841 1424 1904 fue-

333 1949 394 2009 ret.
439 1945 551 2026 Hujus
581 1963 701 2008 nomeu
728 1946 884 2011 mentitos
905 1951 956 2009 est
980 1947 1056 2010 item
1082 1945 1168 2008 alios
1193 1943 1335 2026 scriptor
1360 1943 1422 2024 qui

334 2043 471 2108 eandem
498 2042 670 2107 historiam
695 2043 814 2109 Groece
835 2045 957 2122 texuit,
978 2050 1016 2110 ot
1042 2051 1094 2109 est
1111 2042 1201 2127 apud
1225 2041 1365 2108 Soidam
1386 2049 1423 2104 et

332 2143 500 2210 Taetzem.
543 2145 596 2208 De
623 2163 701 2208 vero
725 2143 828 2226 Dicty
852 2143 926 2209 ride
952 2163 1029 2226 quae
1058 2144 1144 2206 intre
1167 2161 1211 2206 ex
1225 2141 1353 2206 Vossio
1376 2139 1421 2204 de

332 2243 503 2308 historicis
520 2243 661 2308 Graecis.
705 2245 758 2307 De
771 2263 845 2307 meo
872 2248 981 2309 eutem
1005 2245 1110 2308 hocce
1129 2244 1241 2308 lehore
1263 2241 1345 2306 nihil
1365 2248 1419 2306 est

334 2345 424 2426 qnod
440 2343 528 2426 apud
552 2351 585 2406 te
611 2361 718 2423 egam
732 2341 860 2418 Lector,
875 2361 950 2407 cnm
971 2342 1014 2406 de
1036 2349 1107 2408 totu
1129 2343 1234 2409 hacce
1249 2361 1418 2408 commen·

333 2442 425 2506 tendi
440 2443 569 2507 ratione
583 2442 655 2525 Jnm
671 2441 799 2505 abunde
812 2443 932 2522 egerim
949 2443 1037 2525 apud
1056 2441 1201 2520 Florum,
1226 2461 1293 2525 qno
1313 2443 1418 2508 liben-

333 2553 385 2608 ter
398 2551 430 2606 te
442 2543 586 2618 remitto,
601 2561 640 2606 oe
651 2541 705 2606 hic
717 2560 757 2604 ea
771 2541 888 2623 frigide
903 2542 1016 2607 videar
1030 2551 1188 2626 repetere,
1204 2549 1239 2607 at
1250 2543 1285 2608 io
1298 2543 1417 2608 leudes

332 2646 395 2708 uiri
416 2642 636 2708 illustrissimi
652 2647 684 2706 et
710 2642 958 2726 Sapientissimi
975 2643 1195 2710 Monteoeerii
1213 2643 1336 2719 Ducis,
1352 2643 1416 2708 Se-

334 2763 530 2810 nsurssrur
549 2746 741 2808 Dscrrrrrrr
767 2743 1000 2821 Moderatoris,
1015 2763 1202 2819 excurram,
1217 2744 1276 2826 qui
1292 2745 1435 2807 virtute·

332 2865 396 2909 sue
405 2863 508 2924 supra
519 2842 636 2905 laudes
651 2859 764 2903 ornnes
775 2849 910 2906 evectos
923 2851 986 2906 est.
1031 2843 1075 2905 Et
1090 2863 1132 2906 oe
1147 2845 1248 2907 etiem
1262 2845 1304 2906 de
1316 2843 1415 2908 Illus-

331 2943 476 3007 trissimo
501 2946 534 3004 et
563 2938 856 3005 Reverendissimo
879 2941 950 3004 viro
972 2940 1210 3005 Condomieosi
1233 2940 1414 3028 Episcopo,

235 3057 239 3068 ’
330 3043 578 3108 Sensurssrur
597 3037 789 3103 Decorum
807 3039 1028 3122 Praeceptore,
1049 3047 1084 3104 et
1098 3038 1175 3104 fidei
1189 3040 1353 3108 Romame
1365 3046 1412 3110 in-

331 3142 563 3226 geniosissimo
585 3139 725 3216 vindice,
747 3139 802 3204 hic
823 3140 948 3221 aliquid
970 3141 1218 3226 loquendoque
1233 3144 1411 3226 perillustri

331 3253 366 3308 et
382 3242 558 3305 admodum
582 3239 626 3302 R.
643 3239 685 3302 D.
702 3239 830 3304 Hoetio
846 3239 978 3304 Abhete
991 3240 1174 3318 Alnetensi,
1188 3243 1221 3305 in
1235 3243 1409 3312 earundem

330 3361 479 3407 curarum
496 3344 623 3424 partem
646 3339 767 3416 accito,
789 3349 825 3403 et
846 3341 1011 3422 religionis
1026 3341 1225 3406 Christiane
1247 3351 1409 3410 assertore

331 3441 503 3518 acerrimo,
519 3458 604 3524 quos
622 3459 737 3504 omnes
750 3439 908 3504 divinitus
924 3447 1107 3506 susmenet
1120 3442 1205 3506 leus.
1248 3441 1314 3508 Sed
1328 3445 1408 3512 illud

329 3548 457 3608 tantum
477 3545 509 3604 te
524 3540 616 3615 volo,
633 3539 762 3616 Lector,
777 3545 814 3603 ut
834 3559 910 3622 qoae
926 3543 957 3604 io
984 3541 1181 3622 perlegendo
1203 3561 1305 3626 opere
1323 3561 1345 3606 e
1358 3565 1407 3610 me

329 3648 472 3726 peccate
501 3640 735 3722 deprehendes,
753 3659 794 3706 ea
819 3641 984 3721 ignosces,
1006 3661 1114 3726 eoque
1136 3642 1302 3708 lubentius
1319 3647 1406 3727 quod

328 3763 428 3808 nemo
443 3742 497 3806 hie
513 3741 590 3806 mihi
610 3742 717 3806 fecem
733 3741 866 3817 elinxit,
882 3762 958 3825 qoae
972 3743 1078 3825 prima
1091 3741 1286 3812 historicum
1307 3745 1405 3810 istum

326 3842 574 3908 commentariis
589 3842 751 3908 illustrare
767 3862 921 3926 aggressa
938 3862 1022 3910 sum.
1058 3843 1154 3908 Vale.
