3052 4900
411 355 458 400 nr
485 355 613 406 exoro.
636 353 763 417 rnosm
788 357 936 408 rrrsron.
1150 345 1215 410 299

124 501 305 575 rogaverat
327 495 428 572 misit,
446 498 505 578 qni
528 513 603 560 curn
628 497 699 560 suis
722 497 913 562 bominibus
936 517 1011 564 curn
1036 500 1214 578 venissent,

123 595 268 676 profecti
290 598 422 660 suntin
448 596 644 681 Phrygiam:
667 596 766 661 etad
789 597 924 678 Sigeum
945 605 1043 664 noctu
1067 619 1214 666 maesse·

124 699 208 758 runt.
254 695 337 758 lude
352 695 526 772 Hercules,
548 696 721 774 Telamon,
742 702 777 761 et
791 696 914 761 Peleus
927 700 1108 764 exercitum
1123 721 1142 764 e
1156 721 1213 767 na·

121 795 223 859 vibus
238 795 446 862 eduxerunt:
460 800 518 881 qui
536 818 612 863 vero
625 799 785 882 praesidio
796 804 917 875 essent,
934 797 1118 876 Castorem,
1131 799 1213 865 Pol·

121 891 245 974 lucem,
260 904 293 961 et
309 895 509 962 Nestoremp
524 899 741 982 reliquemnt.
766 898 961 963 Laomedon
977 915 1055 962 cnm
1068 899 1213 980 equestri

120 997 221 1079 eopia
235 997 277 1060 ad
293 1017 382 1062 mare
397 1001 498 1077 venit,
515 1007 549 1062 ct
565 1001 673 1083 coepit
687 999 846 1083 praeliari·
890 997 1058 1062 Hercules
1073 997 1117 1062 ad
1131 997 1214 1062 Tro·

114 1097 187 1180 jam
202 1098 296 1174 ierat,
321 1107 356 1162 et
379 1097 603 1182 imprudentes
619 1101 677 1182 qui
702 1105 793 1164 erant
814 1099 846 1162 in
868 1099 995 1182 oppido
1022 1116 1213 1183 oppugnare

120 1199 235 1281 coepit.
279 1197 380 1278 Quod
395 1199 452 1263 obi
465 1199 683 1264 Laomedonti
700 1201 769 1281 regi
780 1201 965 1263 nuntiatum
978 1204 1039 1269 est,
1048 1197 1213 1281 oppidum

118 1299 161 1361 ab
176 1300 331 1364 hostibus
347 1301 544 1382 oppugnari,
558 1300 662 1363 llium
678 1300 758 1364 ilice
772 1299 967 1362 revertitur:
990 1305 1026 1360 et
1044 1299 1079 1360 in
1099 1297 1213 1364 itinere

118 1401 240 1463 obrius
256 1399 386 1464 Graecis
401 1400 519 1473 sactus,
534 1399 739 1472 abHercule
755 1399 928 1463 occiditur.
972 1399 1133 1463 Telamon
1147 1399 1213 1480 pri·

117 1517 194 1562 mus
207 1499 393 1582 oppidumq
406 1497 508 1563 Ilium
522 1501 679 1564 intravit:
696 1501 751 1563 cni
767 1498 934 1563 Hercules
945 1499 1077 1564 virtutis
1092 1507 1213 1563 carrusar

119 1600 304 1664 Hesionam
329 1600 569 1666 Laomedontis
592 1601 678 1684 regis
699 1599 803 1665 filiam
819 1601 908 1664 dono
923 1601 1027 1665 dedit.
1070 1599 1210 1664 Laome-

117 1701 227 1764 dontis
240 1701 302 1765 filii
316 1703 373 1784 qui
389 1723 465 1766 cnm
479 1721 520 1766 eo
534 1710 629 1768 erant
643 1702 848 1767 occiduntur.
881 1703 1040 1767 Priamus
1055 1701 1090 1765 in
1104 1699 1210 1783 Phry-

116 1802 171 1882 gia
187 1809 279 1878 crat,⁸
300 1805 357 1868 ubi
372 1821 445 1867 enm
463 1803 655 1868 Laomedon
671 1803 745 1886 ejus
767 1809 863 1885 pater
878 1803 1036 1867 exercitui
1052 1800 1209 1883 praeiace-

111 1909 176 1965 rat.
222 1903 388 1968 Hercules
407 1906 515 1986 etqui
537 1925 613 1969 cum
638 1923 677 1967 eo
704 1904 859 1968 venerant
882 1903 1030 1985 praedum
1055 1919 1208 1982 magnam

115 2001 276 2081 fecerunt,
299 2012 334 2068 et
357 2005 401 2069 ad
426 2024 532 2070 naves
546 2007 815 2088 deportaverunt.
859 2003 942 2070 lude
959 2003 1091 2069 domum
1108 2001 1208 2086 profi·

116 2102 198 2167 cisci
213 2104 437 2170 decreverunt.
465 2105 527 2188 [4.]
540 2106 701 2169 Telamon
712 2105 900 2170 Hesionam
916 2125 1030 2170 secum
1041 2104 1206 2170 convexit.

116 2202 196 2267 Hoc
212 2206 270 2268 ubi
285 2205 419 2270 Priamo
441 2208 628 2271 nuntiatum
644 2214 709 2284 est,
729 2215 858 2290 patrem
873 2202 1035 2284 occisum,
1051 2207 1143 2271 cives
1157 2203 1208 2268 di-

113 2309 240 2385 reptos,
254 2307 400 2386 praedam
416 2313 577 2384 avectam,
600 2306 785 2371 Hesionam
807 2326 952 2372 sororem
973 2307 1061 2371 dono
1082 2305 1207 2382 datum,

605 2524 714 2574 NOTAE
782 2560 787 2570 .

146 2645 305 2706 rumorem,
323 2648 452 2709 Pellaeus,
465 2655 489 2697 et
505 2649 641 2711 Nestorem]
682 2658 803 2699 auctores
822 2657 942 2698 secutus:
968 2661 1026 2694 narn
1044 2645 1086 2693 alii
1103 2658 1160 2692 eum
1173 2645 1206 2693 ab

113 2720 265 2782 Apollodor.
286 2721 378 2769 scribit
401 2722 503 2770 Oiclenr
523 2724 642 2771 relictum
681 2723 795 2770 Hercule
806 2722 938 2783 captivom
950 2715 1046 2767 iactum
1062 2725 1167 2766 narrant
1178 2726 1207 2771 et

112 2793 205 2850 fnisse,
217 2801 246 2842 nt
254 2808 332 2842 nares
346 2801 484 2843 tutaretur.
682 2794 715 2842 sb
726 2793 842 2841 Hesiona
852 2805 939 2840 sorore
953 2791 1094 2839 liberatum.
1128 2789 1208 2853 Apul-

145 2877 157 2908 e
169 2867 277 2916 Telamon
283 2869 375 2930 primas
382 2869 499 2942 oppidum,
506 2869 558 2933 tra]
568 2869 641 2918 Idem
680 2868 763 2918 luder.
772 2881 804 2916 rr.
837 2867 960 2930 Suspicor
971 2866 1019 2916 boc
1030 2865 1142 2917 horruisse
1153 2869 1206 2918 Da·

112 2942 294 3007 Apollodorus,
303 2955 334 2991 rr.
346 2942 478 3008 additque,
487 2944 512 2993 id
526 2958 595 3008 agre
604 2944 641 2994 se·
682 2951 763 2993 retem
775 2957 807 2992 ex
820 2942 897 2992 Hom·
909 2942 941 2991 lt.
952 2948 976 2991 r.
987 2941 1029 2990 nbi
1041 2942 1156 2992 Priamus
1167 2943 1205 2992 dt·

113 3025 211 3069 rentem
231 3019 372 3068 Herculem
392 3020 507 3068 mctsud
525 3021 640 3070 Telamo·
681 3020 725 3081 cit,
735 3034 763 3069 se
774 3019 834 3069 olim
849 3019 874 3068 in
891 3018 1005 3082 Phrygia
1021 3027 1111 3067 contra
1129 3019 1204 3068 Ama·

112 3109 170 3145 nem
187 3094 273 3158 ivisse,
286 3101 314 3145 ut
331 3109 389 3143 eom
400 3095 549 3156 occideret,
571 3096 639 3160 quud
680 3109 755 3144 sonas
777 3108 919 3159 pugnasse:
945 3095 1004 3155 ejus
1024 3093 1102 3141 rerba
1123 3103 1203 3144 snut:

113 3186 169 3220 cnm
180 3171 303 3220 Telamon
316 3169 550 3225 animadvertisset,
563 3185 638 3233 prox·
675 3170 736 3230 Ἤδη
744 3169 783 3218 καὶ
791 3166 891 3232 §mian
898 3166 1022 3224 εἰσήλυθον
1028 3165 1204 3232 ἀμπελόεσσαν,

112 3249 175 3296 imos
184 3260 298 3311 quosque
307 3244 407 3308 lapides
416 3246 538 3309 colligere
549 3260 638 3309 mre·
674 3245 747 3294 Ἔνθα
756 3246 806 3294 πον
816 3240 1051 3305 caeterorumque,
1062 3242 1144 3305 ἀνέραι
1155 3245 1203 3294 ato.

112 3323 189 3378 ditur,
216 3320 376 3383 Herculique
404 3319 524 3384 quidnam
549 3327 638 3383 ageret
676 3319 894 3385 mercennario
910 3321 1010 3384 ὀτρῆοο
1025 3318 1064 3368 καὶ
1081 3319 1204 3382 Μύγδονος
1234 3329 1241 3340 “

113 3397 290 3458 percunctanti
309 3395 453 3458 respondit,
469 3411 497 3446 se
511 3409 581 3446 srsm
593 3409 636 3446 ex·
676 3396 799 3458 ἀντιθέοιο,
815 3397 847 3446 oi
861 3396 890 3458 ῥα
903 3394 953 3445 τότ’
972 3394 1134 3459 turpatum
1151 3411 1206 3460 rap·

112 3473 193 3520 citare
204 3471 312 3521 Herculi
323 3468 469 3533 Καλλινέκρ,
481 3470 508 3520 id
519 3477 568 3533 ert,
581 3471 636 3536 pnl-
676 3473 747 3536 ὄχθαι
758 3473 912 3538 Σαγγαρίοιο,
922 3472 968 3523 Καὶ
982 3473 1030 3535 γὰρ
1040 3473 1102 3535 έγέιν
1112 3473 1204 3524 ants·

111 3547 285 3596 cbrurictori.
601 3579 603 3586 ,
675 3569 715 3616 ρος
725 3552 769 3600 ἐὸν
776 3549 837 3613 μετα
846 3553 922 3600 τοῖσιν
932 3548 1144 3614 έλέχοην,Ἤμονι
1158 3553 1203 3616 τᾷ,

144 3621 218 3669 Γ(31ιί
229 3621 540 3686 lesmorrensem]
559 3625 638 3688 Apol·
677 3624 1097 3689 ὅτιῆλθονἈριαζένεοέντιένειραι.
1129 3625 1202 3676 ‘er

111 3699 193 3749 lodor.
219 3699 340 3756 Τελαμῦνι
349 3698 464 3758 morsus
475 3697 585 3758 Ἧτιένήν
593 3702 639 3759 τὴν
678 3705 738 3754 clim
745 3704 885 3767 Phrygiam
897 3703 991 3752 intrari
1004 3701 1143 3757 noane,
1151 3703 1203 3752 Ubi

111 3773 269 3835 Λαομέδοντος
294 3771 409 3835 smera
432 3771 517 3822 δέουσι.
544 3776 638 3825 ‘Tela-
679 3779 834 3828 sidimottos
843 3779 960 3841 Phrygas
968 3785 1084 3826 strenuus
1094 3777 1203 3840 equites,

112 3852 179 3902 meni
206 3849 338 3912 praemium
368 3848 470 3897 virtutis
499 3847 636 3899 Hesionam
678 3853 793 3916 Populos
810 3851 887 3900 Otrei
906 3859 933 3899 et
944 3849 1083 3912 Mygdonis
1093 3854 1203 3914 angusti,

111 3923 293 3975 Lmnreduntit
301 3923 377 3972 filim
390 3921 479 3971 dedii!
677 3927 728 3978 Qui
740 3932 802 3974 tunc
813 3924 948 3978 bellabant
959 3923 990 3972 sd
1000 3923 1069 3988 ripas
1077 3925 1203 3990 sangarii,

142 4009 151 4031 ¹
169 3999 426 4061 Priamusinl’lsrygtu
433 3997 498 4060 erut]
515 3993 637 4069 Abfnisse
677 4000 764 4064 Atque
782 4013 830 4063 ego
850 3998 981 4046 auxiliaris
1001 3998 1114 4048 existens
1132 4001 1201 4052 inter

111 4078 251 4137 Priamum,
276 4089 333 4124 cnm
354 4075 456 4138 Trojsor
479 4075 638 4136 expugnarit
677 4090 720 4126 eos
737 4083 884 4126 numeratus
899 4075 947 4138 fui,
965 4076 1018 4126 Die
1036 4077 1080 4127 illo
1097 4080 1200 4142 qnando

114 4151 251 4213 Hercules,
270 4149 334 4200 dicit
352 4152 447 4213 Dares,
466 4151 554 4201 nescio
574 4163 636 4215 quos
678 4159 800 4201 venerunt
812 4150 952 4202 Amazones
964 4151 1109 4216 viragines)
