3052 4900
328 309 392 374 nrt
688 321 866 372 nunnus
890 323 1047 372 rnarorr

327 483 367 528 eo
378 471 525 546 tempore
540 481 607 546 qno
621 461 790 546 Telephus
805 463 912 530 adhue
927 483 1021 546 puer,
1030 483 1052 528 a
1066 471 1160 547 putre
1175 464 1327 532 Hercule
1342 489 1416 554 pro·

327 565 465 644 genitus,
479 562 718 628 aTeuthrante
740 583 813 644 rege
834 563 980 647 hospitio
1003 571 1154 647 receptus
1171 573 1234 630 est.
1278 567 1417 634 Diome·

246 719 250 728 .
325 663 631 742 dominumtuum
654 663 750 746 equis
773 663 966 745 potentibus
987 670 1161 730 venantem
1188 671 1222 728 et
1246 665 1351 732 ieris⁸
1363 671 1416 732 >ah
1515 691 1516 698 ¹

329 765 478 830 Hercule
493 765 711 840 interiectum,
725 764 922 830 Teuthranti
936 785 1070 847 regnum
1083 765 1271 830 reddidisse
1289 773 1393 832 totum
1407 790 1415 833 ι

327 869 371 932 ob
386 865 452 932 hoe
467 866 540 950 ejus
555 865 660 930 lilium
670 864 876 948 Telephum¹¹
889 867 922 930 ei
938 867 1117 949 suppetias
1130 869 1277 932 venisse.
1312 868 1415 946 Quod

326 987 403 1032 eum
415 965 579 1030 Teuthras
594 965 803 1048 intelligeret,
818 984 856 1030 re
879 966 995 1030 eodem
1018 966 1155 1030 vulnere
1179 975 1314 1032 mortem
1330 969 1414 1032 effu-

326 1087 400 1150 gere
423 1085 492 1131 non
514 1055 625 1150 posse,
649 1085 780 1148 regnum
807 1085 906 1132 suum
929 1069 1028 1131 rivus
1050 1066 1207 1148 Telepho
1220 1063 1362 1144 tradidit,
1378 1079 1420 1133 et

327 1187 401 1234 eum
422 1187 533 1250 regem
554 1167 729 1232 ordinarit.
770 1167 857 1232 Tum
872 1187 982 1249 regem
996 1167 1229 1232 Teuthrantem
1243 1167 1414 1248 Telephus

325 1270 501 1352 magnifiee
514 1269 680 1352 sepelivit.
724 1269 852 1334 Suadet
873 1271 903 1333 ei
924 1268 1073 1334 Achilles
1094 1275 1131 1333 nt
1144 1286 1266 1332 nonum
1280 1287 1417 1349 regnum

325 1377 508 1448 conservet,
524 1371 624 1452 plus⁷
639 1369 743 1434 multo
763 1370 945 1434 exereitum
965 1369 1164 1460 adjuturum,
1180 1369 1210 1432 si
1225 1375 1415 1434 commeatu

327 1479 379 1534 tot
392 1461 489 1536 aunis
504 1471 625 1553 quibus
646 1471 768 1534 morati
788 1469 907 1534 luerint
927 1470 971 1534 de
992 1469 1109 1534 eodem
1130 1487 1230 1550 regno
1245 1488 1305 1531 eos
1320 1468 1416 1553 adju·

326 1577 393 1648 vet,
415 1590 513 1654 quam
537 1571 567 1634 ei
591 1569 634 1634 ad
657 1568 792 1652 Trojam
813 1574 877 1634 eat.
919 1570 1043 1652 Itaque
1062 1569 1232 1653 Telephus
1257 1574 1416 1632 remanet.

326 1669 476 1736 Achilles
492 1665 566 1750 num
582 1685 703 1752 magna
717 1670 835 1754 praeda
849 1668 894 1735 nd
908 1672 1094 1737 exercitum
1106 1670 1267 1734 Tenedon
1279 1671 1415 1733 reuerti-

325 1778 388 1836 tur.
422 1769 666 1852 Agamemnoni
679 1789 748 1835 rem
763 1777 893 1854 gestum
905 1779 1032 1837 nerrat:
1048 1771 1277 1854 Agamemnon
1291 1789 1415 1853 appro-

326 1874 385 1937 hat
414 1867 605 1956 laudatque.
649 1869 733 1954 [tu]
754 1871 886 1936 Interea
913 1872 1017 1953 legati
1044 1872 1140 1935 missi
1168 1871 1211 1935 ed
1242 1871 1416 1934 Priamum

326 1973 481 2037 veniunt:
505 1972 646 2057 Ulysses
663 1969 925 2054 Agamemnonis
949 1973 1049 2036 rerba
1072 1973 1181 2050 relert,
1204 1972 1357 2055 postulat
1379 1978 1416 2033 ut

326 2073 458 2137 Helena
480 2081 513 2138 et
535 2074 650 2158 proeda
672 2074 833 2152 reddetur,
858 2075 1006 2156 satisque
1028 2073 1087 2138 fiat
1109 2075 1191 2155 regi,
1211 2081 1251 2136 nt
1270 2070 1413 2154 pacifice

325 2173 507 2246 discedant.
550 2175 703 2238 Priamus
726 2173 862 2259 injurias
881 2173 1148 2255 Argonautarum
1170 2180 1416 2250 commemorat,

325 2275 430 2356 patris
443 2275 618 2352 interitum,
632 2275 747 2357 Trojae
762 2277 1050 2358 expugnationem,
1062 2281 1097 2338 et
1110 2275 1275 2338 Hesionae
1293 2271 1413 2336 soron's

325 2377 531 2441 servitutem.
587 2377 741 2459 Denique
771 2374 969 2440 Antenorem
999 2377 1143 2457 legatum
1172 2393 1249 2438 cnm
1274 2373 1412 2448 miserit,

326 2492 427 2554 quam
442 2475 680 2540 contumeliose
696 2478 739 2540 ab
754 2477 805 2540 eis
824 2483 984 2542 tractatus
1002 2478 1055 2540 sit.
1100 2474 1220 2538 Pacem
1245 2474 1411 2555 repudiat,

324 2575 448 2640 bellum
465 2576 591 2654 indicit,
607 2576 799 2642 Graecorum
815 2577 945 2658 legatos
965 2577 1007 2640 de
1028 2577 1148 2640 linibus
1169 2574 1289 2657 repelli
1308 2575 1412 2657 jubet.

325 2675 442 2757 Legati
457 2676 491 2740 in
507 2685 616 2744 castra
628 2677 787 2742 Tenedon
802 2684 1017 2756 revertuntur,
1040 2677 1261 2742 renuntiantes
1276 2668 1413 2756 respon·

324 2795 411 2842 sum.
455 2777 524 2844 Res
544 2781 696 2845 consultu
715 2781 847 2861 geritur.
890 2780 971 2866 [lu]
995 2781 1144 2844 Aderant
1159 2797 1238 2842 vero
1255 2779 1298 2840 ad
1316 2777 1411 2841 auxi-

323 2874 402 2937 lium
433 2875 568 2942 Priamo
597 2880 752 2944 ductores
772 2881 806 2944 hi
835 2901 910 2946 oum
935 2881 1141 2946 exercitibus
1167 2880 1247 2958 suis,
1274 2895 1412 2962 quorum

258 3207 259 3214 ,
280 3195 293 3228 ·.
355 3173 371 3217 7
388 3169 419 3218 ln
432 3171 528 3235 Delph.
539 3177 562 3221 et
575 3173 696 3222 inseritur
709 3179 769 3224 ante
780 3177 840 3238 plur.

818 3351 922 3401 NOTAE

353 3458 847 3526 rDionsdenseruat,oruarqnirpoteati·
887 3464 991 3528 trrs,qui
1008 3463 1098 3512 scribit
1115 3459 1265 3510 Diomedem
1284 3460 1320 3509 itu
1334 3475 1412 3524 equos

209 3584 212 3594 ,
321 3534 613 3598 dmumatrmetserir]
641 3536 693 3585 llic
709 3537 846 3588 Diomedes
887 3539 1029 3600 adamasse,
1040 3545 1068 3588 ut
1080 3539 1162 3588 omnia
1173 3553 1217 3586 sua
1230 3537 1256 3584 in
1269 3551 1357 3586 eorum
1370 3538 1413 3586 nli-

291 3603 293 3608 ’
322 3609 846 3674 Martiretllyreneslilinsfuit,Thraeim
886 3623 998 3665 mentum
1011 3615 1188 3663 consumserit.
1222 3613 1413 3675 Quarepontea

295 3705 298 3712 ¹
322 3699 462 3750 temonem
475 3683 559 3748 poe'tte
575 3684 683 3735 fabulati
699 3695 846 3752 suntequar
887 3693 941 3755 ejus
962 3692 1037 3740 amici
1064 3705 1142 3754 equos
1164 3691 1221 3736 illos
1242 3687 1413 3736 hominiroros

321 3759 437 3825 habuisse
450 3761 569 3810 carnibus
580 3762 694 3812 humanis
706 3771 847 3814 vescentes.
887 3768 1064 3831 appellarunt3
1082 3765 1151 3813 unde
1162 3773 1218 3812 orta
1230 3762 1325 3812 foliola.
1358 3760 1412 3810 Alii

321 3833 396 3882 Illum
413 3836 539 3886 Hercules
558 3835 699 3888 interiecit.
733 3839 800 3888 Vide
812 3839 846 3888 A·
886 3842 963 3890 etism
975 3856 1030 3890 eam
1042 3838 1143 3887 aliunde
1154 3845 1239 3886 ustam
1248 3835 1346 3884 dieunt.

322 3911 620 3976 pollodor.rr.etHygiu.
638 3915 759 3964 Fabulam
769 3929 845 3978 equa·
918 3914 930 3949 l
949 3917 1007 3978 Ejus
1016 3913 1098 3979 filiurn
1116 3913 1240 3974 Telephum
1255 3911 1277 3958 ei
1294 3912 1413 3974 tappetia

323 3987 513 4052 rum-historiae
536 3990 728 4040 accommodare
754 3991 846 4041 nititur
885 3994 985 4056 venitm]
1012 3988 1111 4053 ‘Ejus,’
1136 3988 1160 4037 id
1184 3995 1233 4046 ert,
1254 3987 1413 4046 ‘Herculis'

321 4055 415 4114 Dares,
425 4072 481 4106 oum
498 4061 544 4120 nit,
557 4075 635 4124 equas
652 4064 708 4113 illus
726 4072 845 4126 potentes
886 4066 944 4129 ‘eh'
956 4067 982 4115 id
995 4063 1240 4128 est,‘'l'entlrranti.'
1353 4071 1357 4078 '

323 4135 350 4176 et
362 4126 428 4176 ferar
441 4129 529 4180 fuisse.
562 4134 613 4182 Sed
625 4137 699 4185 aliter
711 4138 846 4202 Palaepha-
