3036 4918
283 439 285 446 Α
387 369 436 416 us
459 368 637 416 urs'roara
664 369 771 416 aanor
797 370 970 420 'causaue
1176 357 1221 420 25

124 495 344 574 voccasionem
371 509 549 592 arripuisse
577 509 709 580 videtur
733 511 802 587 ille,
828 531 886 575 seo
911 513 1045 591 Praxis,
1067 532 1125 578 seu
1153 513 1219 579 Eu·

131 610 304 692 praxides,
320 609 450 674 libellos
474 611 575 677 hosce
593 610 814 692 confingendi,
830 617 865 676 et
879 614 978 693 quasi
999 632 1043 676 ex
1064 614 1218 695 sepulcro

132 711 358 793 antiquissimi
382 712 524 795 Dictyos
552 718 629 796 post
655 718 748 778 terrm
771 721 901 782 motum
925 713 1075 794 collapso
1096 721 1217 790 erutos,

129 810 327 876 ¹Vanissimo
350 809 509 892 Principi,
531 813 590 895 qui
612 812 720 878 Iliaca
749 813 897 894 maxime
921 822 1057 878 cantare
1078 815 1218 890 solebat,

130 911 186 994 qui
201 917 235 974 et
256 911 330 993 ipse
344 911 470 976 Troica
485 914 630 996 scripsit,
646 916 751 978 citata
766 915 893 996 saepius
911 935 932 979 a
953 915 1069 978 Servio
1085 911 1127 976 ad
1142 911 1219 975 Vir·

126 1012 257 1093 gilium,
280 1013 314 1074 in
328 1011 464 1077 Graeoia
479 1019 558 1077 tanc
573 1013 741 1078 offerendi.
754 1087 757 1094 ¹
784 1014 897 1078 Terrae
912 1020 1021 1078 autem
1035 1020 1148 1077 motus
1167 1031 1220 1075 re-

127 1131 206 1176 vera
220 1119 301 1176 tunc
324 1111 488 1177 afflixerat
500 1112 632 1178 Cretam
647 1113 780 1196 quaudo
797 1115 888 1179 Nero
903 1115 937 1178 in
953 1115 1113 1178 Achaiam
1126 1113 1219 1188 abiit,

33 1259 35 1263 -
125 1212 303 1294 siquidem,
324 1233 400 1280 cum
413 1213 613 1295 Apollonius
628 1215 785 1297 Tyaneus
808 1215 899 1296 apud
924 1215 1160 1279 Philostratum
1183 1213 1219 1275 iu

125 1312 201 1394 ejus
215 1311 311 1390 Vita,
334 1312 391 1376 lib.
417 1329 468 1375 iv.
490 1333 566 1394 cap.
582 1313 636 1376 11.
657 1321 694 1378 ut
711 1315 784 1396 jam
805 1316 931 1378 mouoit
953 1314 1017 1378 Vir
1032 1313 1218 1377 eruditione

19 1487 21 1496 Ι
121 1413 226 1476 simul
241 1420 277 1476 et
292 1412 455 1494 dignitate
471 1413 680 1495 amplissima
697 1416 909 1496 conspicuus,
925 1413 996 1478 Ulr.
1019 1407 1218 1490 Obrechtus,

124 1532 170 1576 ax
191 1512 326 1578 Graecia
346 1513 380 1576 in
396 1513 541 1590 Cretam,
564 1513 638 1596 ejus
662 1521 792 1580 tantum
814 1515 968 1579 videndae
992 1514 1109 1596 gratia
1129 1520 1218 1577 esset

121 1614 307 1694 profectus,
329 1633 370 1678 ac
399 1614 473 1678 inde
501 1634 599 1698 porro
625 1615 771 1680 Romam
800 1617 861 1682 iter
882 1605 1024 1698 pararet,
1044 1622 1114 1678 tum
1137 1632 1216 1678 vero

119 1714 241 1793 σεισμὸς
260 1712 362 1798 ἀθρόως
375 1719 412 1798 τῇ
438 1715 532 1799 Κρήτῃ
550 1712 724 1801 προσέβαλε,
748 1722 869 1780 ‘terrae
890 1722 1001 1780 motus
1028 1717 1216 1778 universam

120 1815 246 1878 afflixit
257 1815 390 1879 Cretam
406 1817 425 1894 3’
450 1824 485 1880 at
499 1818 559 1892 ita,
582 1824 617 1880 ut
630 1818 728 1899 quasi
743 1817 866 1881 tonitru
888 1837 934 1880 ex
957 1827 1044 1879 terra
1056 1815 1216 1890 ederetur,

119 1920 157 1976 et
171 1932 265 1977 mare
286 1915 480 1980 subsideret.
525 1918 609 1981 Inde
624 1927 736 1982 autem
751 1918 895 1986 Romam
913 1917 986 1998 jam
1002 1913 1217 1988 contendeus,

118 2015 155 2077 in
178 2031 255 2076 cam
274 2015 386 2077 urbem
402 2017 533 2080 venisse
548 2017 668 2080 dicitur
683 2037 760 2098 cap.
774 2019 826 2080 13.
868 2016 1027 2082 Telesino
1053 2014 1215 2091 Consule,

120 2112 181 2196 qui
197 2130 239 2176 eo
254 2131 341 2176 auno
357 2113 392 2176 N
393 2116 502 2178 eronis
517 2116 649 2180 ineunte
664 2115 885 2181 Consulatum
899 2116 1139 2198 reveragessit

82 2295 84 2297 Ι
165 2231 218 2278 vr.
241 2212 299 2276 Sic
314 2219 428 2296 patere
436 2214 508 2298 jam
524 2223 621 2298 puto,
640 2216 780 2280 eundem
794 2217 900 2281 fuisse
915 2219 1053 2300 Dictyn,
1068 2222 1101 2279 et
1116 2233 1214 2298 quem

119 2321 235 2378 noster
260 2315 444 2397 Septimius
466 2317 500 2380 in
523 2316 680 2382 Latinum
707 2319 806 2382 vertit
834 2336 1032 2394 sermonem,
1060 2323 1214 2398 atquem

19 2441 20 2445 ¹
120 2411 235 2476 Graeci
262 2413 458 2479 habuerunt.
502 2413 649 2480 Accedit
674 2417 727 2482 his
754 2437 843 2496 vero,
857 2418 957 2502 quod,
980 2418 1080 2482 sicuti
1103 2424 1215 2482 noster

120 2515 321 2594 opusculum
336 2516 401 2582 hoc
423 2516 569 2601 Dictyos
593 2525 696 2584 vocat
711 2518 933 2603 Ephemerida
955 2519 1044 2582 Belli
1066 2517 1215 2600 Trojaui,

118 2613 170 2676 sic
186 2618 219 2676 et
230 2614 356 2679 Suidas
369 2635 465 2680 suum
478 2618 604 2697 Dictyn
615 2618 793 2697 scripsisse
803 2614 1081 2698 dicat’la'oapsplia
1093 2620 1214 2696 Τρωϊκοῦ

118 2709 286 2791 διακόσμου,
308 2714 375 2776 hoc
395 2718 460 2790 est,
483 2714 728 2794 ‘Ephemerida
751 2734 858 2778 rerum
882 2713 975 2793 apud
989 2712 1124 2792 Trojam
1140 2732 1216 2792 ges·

118 2811 251 2882 tarum?
295 2811 387 2874 Nam
402 2813 464 2875 vix
485 2812 615 2888 dubito,
630 2812 711 2893 quin
732 2810 824 2892 apud
853 2810 992 2874 Suidam
1014 2809 1088 2874 haec
1103 2811 1215 2887 verba,

116 2909 230 2982 Δίκτυς
242 2909 394 2994 Ἰστυρικός
408 2907 532 2994 ἔγραψεν
546 2909 734 2993 Ἐφημιρῐδα,
745 2910 805 2972 ἔστι
817 2911 844 2972 δὲ
857 2911 895 2970 τὰ
908 2907 1106 2994 piammon
1121 2933 1216 2972 κατα-

117 3011 240 3094 λογάδην
256 3011 284 3072 iv
299 3009 422 3090 βιβλίοις
437 3009 468 3090 δ”.
500 3013 644 3089 Ἰταλικυὶ,
661 3015 785 3096 Τρωϊκοῦ
800 3009 974 3086 inundante:
989 3011 1133 3092 legenda
1148 3013 1215 3078 sint

119 3133 193 3176 cum
209 3110 350 3190 Allatio,
370 3119 403 3176 et
417 3111 649 3193 distinguenda
668 3129 746 3176 cum
761 3110 949 3175 Obrechto:
972 3109 1079 3182 Δίκτυς
1094 3112 1213 3194 ‘Irrupi-

19 3265 21 3300 ξ
119 3215 166 3285 κὸς
189 3211 316 3298 ἔγραψεν
338 3210 510 3296 Ἔφημερῖδα
531 3209 606 3288 (ἔστι
633 3212 660 3272 δὲ
686 3216 725 3274 τὰ
746 3211 804 3290 μεθ’
821 3215 897 3290 'Opta
920 3221 1029 3274 καταλ.
1052 3211 1079 3270 ia
1100 3210 1163 3287 βιβ.
1178 3210 1212 3275 θ’.

19 3315 21 3370 ἰ
117 3312 247 3395 ’laram
265 3317 388 3397 Τρωϊκοῦ
401 3310 567 3393 διακόσμου.
598 3312 842 3376 Parentheseos
857 3310 971 3387 istius,
987 3310 1061 3374 sive
1076 3311 1120 3374 ab
1134 3311 1212 3394 ipso

119 3414 164 3476 sit
178 3413 296 3488 Suida,
311 3413 384 3478 sive
399 3414 442 3477 ab
458 3413 534 3476 aliis
544 3414 578 3476 in
595 3411 772 3491 marginem
788 3413 930 3494 primum
947 3430 988 3475 ac
1000 3410 1077 3476 dein
1090 3411 1125 3474 in
1141 3419 1213 3476 tex·

121 3519 190 3578 tum
203 3515 315 3589 illata,
330 3513 518 3590 distinctio,
531 3514 620 3577 unde
632 3514 755 3595 pendet
766 3501 928 3593 'genuinus
937 3513 1005 3576 loci
1016 3530 1147 3587 sensus,
1157 3511 1214 3574 de-

119 3613 227 3691 betur,
242 3618 281 3678 ut
307 3616 389 3692 dixi,
403 3614 526 3679 illustri
541 3615 722 3690 Obrechto,
745 3632 842 3694 quem
858 3612 901 3676 ad
925 3611 1111 3694 Epistulam
1127 3609 1213 3690 Sep-

121 3713 206 3776 timii
218 3715 317 3778 velim
331 3716 462 3782 videas.
506 3715 662 3780 Ceterum
678 3712 884 3798 quodapud
896 3743 897 3746 ¹
908 3711 1047 3775 Suidam
1069 3709 1212 3790 legimus

60 3893 65 3901 ι
121 3811 248 3896 Dictyn
270 3820 411 3881 ‘novem
434 3816 551 3881 libris'
571 3817 644 3882 hmo
665 3819 855 3886 exacutum,
877 3831 955 3874 cum
975 3809 1156 3891 Septimius
1179 3807 1212 3868 ei
1309 3847 1312 3856 ·

122 3914 263 3980 tribuere
278 3917 433 3980 videatur
456 3916 593 3979 ‘decem
616 3912 740 3990 libros,'
762 3912 841 3975 dum
868 3909 1043 3988 ‘priorum
1060 3907 1210 3991 quinque

121 4015 328 4081 voluminum
342 4017 487 4082 eundem
510 4034 547 4080 se
566 4032 740 4080 numerum
754 4025 918 4084 mutasse,
932 4003 1086 4072 residua'
1099 4013 1210 4073 autem
