3036 4918
500 339 548 386 os
573 337 640 384 ιλιι
669 338 832 386 uxororo.
1188 323 1209 386 9

125 481 278 562 tingimus
306 484 391 543 retro
415 497 542 560 semper
574 497 649 542 eam
682 478 854 560 periodum
886 477 1081 542 obtinuisse.
1128 477 1209 544 Errat
1311 469 1320 484 “

123 584 224 664 igitur
252 581 302 644 ll.
323 599 431 644 annus
452 580 604 644 desinens
627 581 755 662 periodi
781 579 918 644 Atticm.
962 581 1099 662 Semper
1121 580 1208 644 eninr

126 679 313 746 deducendi
328 684 406 744 sunt
424 680 477 744 88
493 681 571 742 anni
594 679 636 743 de
659 680 799 763 periodo
821 679 1011 763 Olympico,
1032 679 1209 745 ornabere

124 781 297 866 periodum
313 778 460 844 Atticam
476 800 485 844 :
509 786 566 842 aut
589 786 713 856 contra,
728 779 920 862 adjiciendi.
964 781 1045 844 Non
1060 780 1147 844 euim
1160 799 1210 844 re·

119 882 186 967 lert
200 891 274 944 utro
297 881 399 944 modo
418 879 600 962 experiare.
645 879 732 962 Ergo
755 879 937 961 plenilunio
963 880 1027 942 hoc
1059 880 1210 958 contigit.

125 982 169 1045 Et
194 1001 275 1046 sane
299 981 462 1063 quosdam
483 981 524 1044 de
549 980 899 1044 vetustioribusidem
925 980 1071 1044 sensisse
1095 979 1212 1043 scribit

125 1081 294 1145 Clemens:
315 1079 376 1142 Kal
398 1105 468 1154 τινος
490 1085 545 1142 τῶν
567 1084 607 1142 τοὶ
627 1082 749 1142 Ἀττικοὶ
770 1077 1033 1166 σογγςοψομίνοον,
1051 1077 1132 1163 ὀγδόῃ
1149 1077 1211 1152 dil-

124 1204 212 1253 νοντος
243 1186 466 1265 (Θαργηλοῖονος)
489 1179 686 1260 βασιλεύοντος
715 1181 748 1242 τὸ
773 1179 1014 1253 τολουτοιῖονέτος
1042 1177 1211 1255 Μονισθέοις,
1297 1211 1301 1218 ·

122 1279 292 1357 πληθυούσης
307 1281 432 1357 σελήνης.
452 1301 455 1306 ·
477 1281 546 1359 Qui
568 1300 675 1345 annos
698 1281 774 1345 407.
795 1289 920 1362 ponunt
936 1301 957 1344 a
972 1289 1075 1363 capto
1090 1280 1155 1344 llio
1167 1281 1228 1344 sd-

123 1384 263 1463 primam
278 1381 522 1466 Olympiadem,
541 1383 576 1446 hi
590 1381 721 1444 omnino
736 1388 871 1446 censent
883 1389 1018 1464 captum
1032 1381 1110 1445 iuna
1123 1380 1211 1446 vice-

122 1467 212 1546 simr'r
225 1482 384 1547 secunda.
428 1482 558 1546 Auctor
571 1482 659 1545 enirn
684 1487 733 1556 τῆς
749 1484 852 1566 μικροῖς
876 1481 992 1554 Ἰλιάδος
1016 1483 1064 1545 its
1079 1481 1209 1546 scribit:

122 1581 189 1657 Νὺξ
220 1581 271 1662 μὲν
295 1580 337 1658 ἔην
359 1580 486 1664 morire,
505 1585 624 1668 λαμπροὶ
636 1583 664 1646 ii
679 1580 811 1645 ἐπέτελλε
823 1580 942 1644 σελάνα.
985 1580 1039 1645 Ex
1060 1580 1124 1646 hoc
1139 1599 1211 1646 ver·

121 1683 233 1745 siculo
247 1682 406 1748 Clemens
428 1685 541 1750 nititur
563 1684 757 1750 confirmare
786 1703 901 1748 eorum
929 1684 1123 1748 sententiam
1152 1681 1211 1765 qui

123 1785 243 1847 volunt
271 1785 455 1866 plenilunio
476 1787 526 1862 την
547 1781 655 1850 ἅλωσιν
676 1782 764 1847 Ἰλίου
793 1786 983 1866 contigisse.
1027 1782 1093 1846 Sed
1128 1799 1212 1864 pace

120 1883 340 1947 eruditissimi
355 1886 525 1968 scriptoris
540 1884 695 1948 ἐπιτέλλειν
708 1905 776 1949 non
791 1883 956 1966 significat
971 1882 1111 1958 Lucere,
1121 1881 1212 1964 quod

121 1983 199 2065 ipse
216 1983 308 2046 aliud
322 2003 423 2064 agens
438 1991 547 2066 putat,
561 1987 621 2050 sed
637 1987 736 2062 Oriri,
751 1993 787 2048 et
803 1986 954 2066 incipere
970 2003 1140 2066 apparere.
1170 1983 1212 2046 ln

121 2082 296 2147 idiotismo
312 2083 505 2167 Hispanico
525 2086 773 2166 elegantissime
791 2085 914 2149 dicitur
936 2083 1115 2148 Assomar:
1146 2082 1212 2147 La·

123 2184 205 2258 tine,
238 2184 400 2254 Existere.
457 2185 639 2268 Euripides
667 2185 814 2249 Hecuba
849 2182 1035 2255 Μεσονῦοιτιος
1056 2181 1213 2262 'sotsac

124 2283 179 2346 lbi
195 2284 352 2348 Scholion
374 2293 473 2350 uetus
499 2286 587 2369 apud
613 2287 767 2350 Fulvium
785 2284 958 2348 Ursioum:
981 2279 1172 2358 Καλλισθένης
1187 2284 1214 2344 ἐν

123 2380 241 2468 δευτέρῳ
257 2390 310 2448 τῶν
323 2387 499 2462 Ἑλληνικῶν
518 2385 589 2450 οὕτω
602 2383 720 2473 γςίιφοιτ
737 2385 812 2450 ἑάλω
833 2388 860 2450 tl
876 2392 891 2462 ἡ
910 2383 994 2469 Τροία
1018 2391 1213 2469 Θαργηλιῶνος

122 2485 218 2563 μηνὸς,
239 2487 275 2559 ὥς
296 2483 346 2566 μίν
369 2512 440 2562 τινος
466 2494 610 2577 ἶστοςιοιῶν
632 2485 714 2574 ὀγδόη
738 2485 899 2570 irrupisse,
913 2486 949 2560 ὥς
970 2485 1026 2548 dii
1046 2488 1095 2562 τὴν
1109 2489 1213 2572 μικρὰν

122 2583 245 2663 Ἰλιάδα,
267 2583 352 2672 ὀγδόη
376 2586 522 2661 Φθίνοντος.
563 2589 681 2671 Διορίζοι
699 2593 758 2672 γὰρ
780 2589 864 2660 αὐτὸς
885 2593 933 2664 την
953 2583 1073 2662 ἅλωσιν,
1096 2586 1213 2668 φάσκων

123 2687 268 2765 συμβῆναι
284 2683 350 2748 τότε
363 2690 412 2762 την
428 2687 603 2762 κατάληψιν,
616 2687 698 2762 ἡνίκα
712 2689 775 2763 Νὺξ
789 2688 839 2766 μὶν
855 2687 897 2760 ἔην
912 2684 1039 2766 precisa,
1051 2688 1172 2766 λαμπροὶ
1186 2684 1214 2746 bi

122 2783 260 2848 isium
275 2785 386 2860 σελήνη.
408 2778 590 2865 procederes
604 2786 631 2847 ii
644 2783 724 2866 μόνον
742 2790 779 2868 τῇ
801 2781 881 2869 ὀγδόη
898 2783 1034 2860 φθίνοντος
1052 2782 1214 2846 ἀνατέλλει.

123 2887 209 2948 ἀλλὰ
229 2886 281 2965 μὲν
297 2887 328 2946 οὐ
341 2883 554 2968 supersedeam
571 2884 729 2972 Εὐριπίδης,
754 2890 791 2960 οὸς
818 2883 1038 2968 ὄμολογοομίνης
1058 2887 1107 2956 τῆς
1127 2881 1213 2959 δόξης·

124 2984 302 3069 Λυσίμαχος
317 2982 345 3047 δέ
358 3003 438 3068 φησιν
454 2992 642 3066 Δημοφῶντος
655 2984 782 3072 Ἀθήνησι
804 2982 1000 3066 βασιλεύοντος
1023 2981 1098 3056 ἔτους
1113 2983 1215 3068 rurip-

124 3085 187 3164 τοο,
205 3093 401 3171 Θαργηλιῶνος
417 3084 566 3168 ἴστοηιένοο
580 3086 728 3171 δωδεκάτη.
772 3085 841 3163 Qui
855 3104 961 3148 annos
979 3083 1054 3146 406.
1071 3092 1109 3145 ut
1122 3084 1214 3165 apud

126 3187 323 3263 Eusebium,
338 3188 520 3266 assignant,
531 3188 557 3251 ii
571 3189 678 3270 primo
689 3206 776 3249 anno
792 3184 960 3268 sequentis
974 3182 1215 3260 Tetraeteridis,

125 3287 192 3350 boc
207 3293 271 3362 est,
287 3287 340 3350 13.
361 3287 499 3368 periodi,
514 3294 653 3369 captum
673 3287 761 3348 Ilion
776 3286 908 3348 omnino
921 3283 1049 3360 volunt,
1063 3284 1126 3346 hoc
1150 3292 1214 3358 est,

126 3391 225 3450 nocte
253 3385 360 3448 illuni.
403 3386 471 3448 Sed
500 3405 600 3450 nemo
621 3393 766 3451 veterum
797 3391 925 3448 noctem
953 3384 1088 3448 illunem
1109 3383 1214 3450 luisse

128 3485 250 3568 prodit.
293 3485 411 3568 Itaque
426 3486 581 3550 audiendi
595 3507 660 3551 non
677 3493 765 3552 sunt.
808 3485 984 3550 Postremo
994 3487 1052 3567 qui
1065 3486 1142 3548 405.
1156 3505 1214 3548 an·

127 3602 191 3648 nos
204 3589 331 3666 putant,
346 3585 372 3648 ii
387 3587 531 3668 septima
541 3587 620 3651 luna
632 3588 796 3652 accidisse
810 3587 939 3666 volunt,
956 3605 1041 3650 anno
1056 3586 1214 3651 Tetraete·

101 3691 102 3696 ’
128 3683 212 3748 ridis
226 3685 397 3768 sequemis
411 3687 571 3763 secundo,
586 3689 715 3770 periodi
732 3689 785 3752 14.
819 3685 1002 3768 Virgilius:

214 3783 260 3848 Et
270 3787 340 3868 jam
354 3785 480 3868 Argiva
494 3789 644 3871 phalanx
658 3789 831 3854 instructis
843 3789 986 3852 navibus
1000 3787 1072 3849 ibat

216 3884 248 3948 A
257 3885 404 3965 Tenedo,
418 3888 531 3954 tacite
544 3908 606 3970 per
619 3889 731 3953 amica
743 3888 874 3952 οἱῑοοῐίο
884 3889 982 3950 lunae.

131 3985 287 4052 Servius:
300 3991 311 4022 ‘
322 3987 474 4070 Septima
487 3990 567 4054 luna
582 3997 684 4072 capta
698 3995 750 4053 est
764 3986 878 4070 Troja,
892 3987 987 4068 cujus
1003 3984 1214 4049 simulacrum

132 4087 219 4168 apud
233 4085 344 4170 Argos
360 4087 587 4156 consitutum.
630 4091 720 4154 Hinc
735 4097 785 4154 est
801 4089 889 4170 quod
910 4088 1007 4152 dicit:
1030 4084 1142 4150 Oblati
1156 4105 1215 4170 per
