3036 4918
341 641 587 734 JACOBI
639 646 996 737 PERIZONII

335 830 338 838 ’
429 863 905 970 orsssarnrro

245 1109 322 1187 DE
349 1111 618 1192 HISTORIA
645 1119 805 1195 BELLI
831 1103 1087 1208 TROJANi,

117 1311 234 1416 ouAE
254 1301 465 1383 urcrros'
483 1317 746 1384 canruusrs
765 1319 941 1386 Nouus
962 1323 1210 1404 samanar,

571 1494 760 1575 camon,

290 1661 337 1711 ET
352 1662 436 1713 mus
453 1663 682 1716 INTERPRETE
698 1667 843 1728 LATINO,
859 1664 1042 1728 summm,

263 1796 455 1856 HU'JUSQUE
478 1805 601 1857 munus
626 1807 851 1858 Poulssuuum
876 1807 924 1858 Ac
946 1808 1067 1857 STYLO.

537 2003 789 2018 m

210 2257 212 2264 ¹
470 2193 571 2252 vrao
601 2113 859 2269 curarssruo,
969 2263 971 2266 ,

165 2409 170 2414 ,
284 2335 721 2414 cuarsuoruoao
748 2317 1041 2429 cucurrero,

112 2497 374 2550 fflsuorrruavm
392 2501 437 2549 ET
453 2502 659 2552 LITERARUM
679 2505 939 2554 HUMANIQRUM
956 2504 997 2554 IN
1013 2503 1210 2553 Fuluurucl·

105 2615 115 2624 -
167 2593 246 2644 ΑΝΑ
264 2587 421 2643 HALENSI
439 2594 630 2644 acroama
646 2595 873 2647 Pttorssssoru
889 2597 1156 2657 ERUDITISSIMO,

583 2719 615 2766 S.
646 2720 678 2764 r.
705 2721 742 2765 n.

447 2831 546 2897 JAc.
577 2832 886 2898 PERIZONIUS.

112 2957 168 3042 ῙΝ
193 2983 370 3058 angustum
397 2977 524 3058 oppido
554 2984 713 3058 coguntur
746 2975 869 3040 dudum
896 2976 1004 3058 magis
1033 2979 1206 3062 magisque

114 3079 303 3152 eommunia
317 3075 413 3140 nobis
428 3077 594 3141 literarum
610 3097 720 3154 sacra,
736 3085 775 3141 ut
790 3077 875 3141 adeo
889 3077 992 3160 pauci
1001 3077 1072 3158 jam
1089 3098 1204 3162 snper·

116 3180 181 3242 sint
195 3179 284 3242 casti
297 3197 408 3242 eorum
423 3179 625 3255 sacerdotes,
640 3186 675 3242 ot
696 3179 731 3240 hi
747 3179 826 3260 ipsi,
848 3184 886 3240 ut
901 3177 1061 3240 saeculum
1077 3183 1140 3254 est,
1156 3186 1207 3241 ut-

104 3300 181 3361 -qne
203 3280 240 3342 in
270 3299 312 3343 eo
336 3279 497 3344 vilescunt
519 3280 632 3344 ubivis
655 3281 755 3344 bonae
778 3285 881 3355 artes,
905 3277 1004 3342 etiam
1029 3279 1206 3360 pauciores

108 3399 256 3444 numero
270 3379 364 3443 brevi
378 3380 678 3445 videanturiuturi:
701 3397 778 3448 nam
793 3379 870 3461 quis
884 3380 984 3442 sacile
999 3379 1204 3444 laboriosum

106 3501 264 3564 prorsus,
279 3480 338 3544 sed
357 3481 423 3544 sibi
435 3480 538 3544 ferme
552 3482 666 3546 inutile
682 3500 723 3545 ac
736 3470 881 3563 spretum
895 3480 1045 3561 publice,
1059 3481 1205 3546 ,tentabit

109 3581 274 3664 deinceps
288 3580 460 3645 studiumt
484 3583 516 3645 in
532 3590 642 3645 vestra
661 3590 730 3645 tam
750 3582 852 3644 latum
875 3587 1009 3662 patente
1024 3578 1204 3643 Germania

118 3683 194 3764 quis
210 3681 283 3762 jam
304 3701 393 3745 nuuc
414 3702 473 3763 per
496 3701 609 3745 omnes
625 3701 721 3763 paene
737 3679 949 3755 Academiae,
964 3679 1023 3741 ubi
1039 3677 1099 3740 abs
1115 3683 1147 3738 te
1168 3684 1204 3738 et
1240 3741 1242 3746 ,

116 3783 328 3873 paucissimis
344 3783 421 3846 aliis
436 3782 650 3858 discedimus,
665 3782 782 3846 existit
796 3779 952 3862 amplius,
968 3778 1027 3859 qui
1043 3774 1158 3837 sedulo
1172 3781 1205 3837 et
1330 3849 1336 3859 Ι

116 3881 282 3946 bonafide
298 3883 505 3947 humaniores
518 3883 594 3944 illas
608 3888 736 3946 tueatur
749 3881 878 3955 literas,
892 3887 925 3940 et
944 3876 1109 3956 fugientes
1124 3875 1202 3940 inde

107 3981 237 4048 -Musas
261 3983 380 4047 morari
405 3981 544 4058 studeat,
559 3999 599 4044 ao
621 3981 793 4063 pristinam
817 3972 954 4040 retinere
978 3974 1121 4056 antiquae
1144 3974 1202 4038 do·

106 4101 191 4146 umus
205 4083 372 4166 gloriam?
396 4081 526 4145 Floruit
539 4079 609 4157 illa,
625 4099 698 4142 cum
714 4078 888 4160 Agricolas
902 4079 1051 4159 haberet,
1067 4079 1202 4148 Rhena-
