3052 4900
332 285 397 356 822
698 293 863 344 nraurrs
887 290 1044 342 ruarorr

332 442 479 512 Stheneli
498 440 601 506 lemur
608 438 725 524 jaculo
744 435 815 518 tigit
826 434 858 500 :b
883 453 983 518 quem
997 439 1032 497 ut
1048 431 1202 496 Achilles
1217 433 1415 516 respexitet

331 551 383 608 tot
394 542 570 608 acerrimos
581 537 684 604 duces
698 539 742 602 ab
752 555 793 601 eo
804 537 1007 610 interlectos,
1022 534 1166 596 animum
1179 534 1214 595 in
1230 533 1326 597 illum
1342 533 1417 596 diri-

331 644 442 724 gebat,
457 649 495 705 ut
504 639 554 720 illi
565 639 685 704 obvius
700 636 801 702 lieret.
830 634 1069 700 Considerabat
1082 633 1168 696 enim
1177 629 1343 708 Achillea,
1353 634 1418 696 nisi

331 745 512 811 Hectorem
536 739 711 816 occideret,
738 737 849 820 plnres
875 737 917 800 de
941 734 1143 800 ‘Graecorum
1173 751 1313 796 numero
1342 735 1417 817 ojus

332 843 472 909 dexteru
485 843 658 926 perituros.
702 838 809 902 Multa
820 837 925 901 millia
937 835 1108 900 bominum
1117 833 1241 897 interea
1251 834 1418 898 trucidan-

331 944 395 1011 t'nr.
428 941 514 1008 Acre
527 939 673 1026 prselium
687 934 872 1004 colliditur.¹
909 937 1040 1000 Hector
1053 929 1284 1016 Polypoetemk
1299 933 1418 998 ducem

331 1045 545 1109 fortissimum
574 1040 719 1106 occidit:
742 1044 873 1104 etcum
898 1037 1042 1120 spoliare
1070 1036 1240 1116 coepisset,
1265 1031 1417 1096 Achilles

334 1144 536 1228 supervenit.
580 1141 637 1206 Fit
658 1159 768 1223 pugna
789 1139 905 1222 maj0r‚
929 1145 963 1202 et
986 1137 1112 1202 clamor
1133 1135 1177 1200 ab
1198 1132 1323 1216 oppido
1345 1139 1417 1196 eta

333 1251 405 1310 toto
425 1243 530 1324 surgit
544 1241 703 1306 exercitu.
747 1239 874 1304 Hector
893 1237 1034 1302 Achillis
1048 1237 1155 1300 lemur
1170 1233 1312 1298 sauciat.
1353 1232 1416 1296 Ille

332 1341 445 1408 dolore
459 1348 611 1425 accepto,
622 1341 727 1422 magis
743 1359 817 1404 eum
832 1340 987 1423 persequi
1001 1338 1114 1420 coepit,
1128 1355 1191 1400 uec
1207 1334 1338 1398 destitit
1352 1333 1418 1396 nisi

332 1442 507 1509 occideret.
551 1438 629 1518 Quo
651 1440 826 1504 interemto
855 1439 1018 1524 Trojanos
1046 1439 1080 1502 in
1109 1436 1226 1518 fugam
1248 1436 1356 1512 uertit,
1385 1441 1420 1496 ct

236 1604 240 1615 ,
329 1545 477 1608 maxima
490 1541 584 1606 caede
604 1559 663 1604 eos
686 1559 792 1622 nsque
818 1539 862 1603 ad
884 1545 1014 1623 portam
1035 1537 1173 1621 fugavit.
1218 1535 1283 1599 Cui
1303 1543 1419 1598 tamen

331 1637 503 1706 llornuon¹
517 1639 696 1704 fortissime
711 1640 843 1714 restitit,
857 1646 891 1702 et
906 1640 1025 1703 acriter
1038 1639 1125 1701 inter
1134 1656 1170 1700 se
1184 1639 1417 1700 certaverunt:

329 1741 401 1806 loesi
411 1740 538 1822 utrique
554 1739 788 1804 discesserunt.
827 1737 909 1802 Nox
923 1738 1080 1820 praelium
1094 1736 1226 1801 dirimit.
1261 1733 1418 1799 Achilles

329 1839 371 1903 de
391 1837 481 1904 bello
503 1837 637 1903 sancius
661 1837 758 1902 redit.
806 1837 919 1903 Noctu
937 1837 1076 1920 Tranni
1093 1836 1277 1905 Hectorem
1290 1835 1419 1899 lamen-

330 1946 453 2004 tantur.
498 1939 581 2020 [2b.]
604 1937 747 2002 Postera
762 1937 815 2002 die
833 1937 969 2002 Troilus
990 1938 1156 2021 TroJauos
1172 1936 1287 2001 educit
1301 1944 1420 2001 contra

330 2038 526 2104 Grsecornm
554 2039 749 2102 exercitum.
792 2033 1020 2118 Agamemnon
1049 2039 1232 2102 exercitum
1259 2036 1418 2114 consulit,

329 2137 513 2222 suadetque
528 2136 680 2202 inducias
697 2136 833 2202 duorum
858 2138 1019 2202 mensium
1035 2137 1209 2219 postulari,
1225 2137 1366 2220 quisque
1380 2143 1419 2200 ut

330 2257 411 2304 suos
424 2237 568 2319 sepelire
583 2237 705 2320 possit.
750 2235 867 2319 legati
882 2235 925 2300 ad
948 2235 1118 2302 Priamum
1141 2235 1419 2319 proficiscuntur:

330 2337 530 2403 desiderium
547 2337 714 2420 prosecuti
729 2342 842 2413 sunt‚¹¹¹
858 2338 998 2401 duorum
1013 2334 1177 2402 mensium
1193 2337 1350 2402 inducias
1364 2357 1418 2400 ac·

248 2501 250 2508 ,
330 2437 469 2518 cipiunt.
506 2435 661 2500 Priamus
675 2435 885 2500 Hectoremn
901 2455 963 2500 suo
978 2455 1067 2500 more
1083 2443 1159 2502 aute
1175 2443 1307 2519 portam
1322 2457 1418 2520 sepe·

329 2535 416 2612 livit,
431 2535 487 2599 cui
510 2533 611 2597 ludos
637 2533 795 2597 funebres
821 2535 912 2598 lacit.
958 2536 1048 2600 Dum
1064 2535 1210 2599 indueiae
1236 2540 1322 2612 sunt,
1348 2536 1418 2600 Pa-

328 2634 474 2700 lamedes
488 2636 606 2700 iterum
627 2651 695 2697 non
718 2640 828 2697 cessat
853 2633 894 2697 de
919 2635 1056 2716 imperio
1080 2637 1248 2716 conqueri.
1293 2634 1417 2720 Itaque

328 2734 556 2816 Agamemnon
572 2734 731 2798 seditioni
746 2735 851 2798 cessit
872 2741 906 2799 et
927 2734 1009 2798 dicit
1030 2753 1067 2798 se
1082 2734 1122 2798 de
1137 2734 1202 2799 hac
1217 2755 1253 2800 re
1276 2738 1418 2802 libenter

328 2833 503 2910 facturum,
514 2839 553 2897 ut
567 2853 665 2916 quern
682 2833 802 2898 vellent
817 2833 1056 2916 Imperatorem
1070 2833 1285 2917 praeficerent.
1330 2837 1418 2902 Pos-

330 2938 403 2994 tern
418 2931 472 2994 die
493 2932 657 3014 populum
672 2932 714 2994 ad
730 2933 925 2996 concionem
944 2938 1062 2996 vocat:
1085 2942 1182 3014 negat
1205 2953 1241 2996 se
1266 2953 1416 3017 unquam
1455 2940 1458 2950 '

329 3031 487 3114 cupidum
503 3032 632 3114 imperii
646 3031 771 3095 fuisse:
794 3034 904 3095 animo
921 3051 1019 3114 aequo
1036 3051 1072 3096 se
1087 3033 1233 3114 recipere
1248 3035 1277 3097 si
1292 3036 1419 3101 vellent

328 3130 426 3196 dare:
449 3151 485 3196 se
498 3131 637 3196 libenter
651 3131 788 3196 cedere:
812 3131 894 3195 satis
908 3132 974 3195 sibi
989 3131 1153 3196 essedum
1174 3133 1287 3198 hostes
1310 3136 1414 3202 ulcis-

816 3311 922 3363 NOTAE

329 3409 476 3465 Hectorem,
497 3407 639 3458 Leonteum
658 3407 732 3458 diseo
750 3413 850 3457 certnu·
889 3423 980 3459 nonem
989 3409 1069 3462 multo
1080 3414 1141 3458 ante
1149 3408 1180 3457 nb
1191 3407 1294 3459 Achille
1301 3409 1417 3460 occisum

330 3482 585 3540 temlndncltlld.
889 3484 986 3534 dieunt.
1003 3483 1266 3547 Videapudllietyu.
1364 3511 1367 3516 ·

360 3557 492 3608 ¹Stlreoeli
501 3556 583 3616 seror
597 3553 690 3617 jonato]
718 3556 776 3606 Hoc
798 3569 849 3606 uon
920 3567 938 3592 ¹²
954 3559 1106 3608 Desideriam
1115 3559 1232 3622 prosecuti
1241 3558 1310 3621 wat]
1326 3559 1419 3622 ldert,

328 3631 479 3695 nlibilessns.
889 3647 1032 3697 exposuere
1045 3634 1199 3683 desiderium
1211 3648 1293 3682 snum.
1327 3637 1416 3685 Nolim

358 3704 365 3737 ¹
382 3702 558 3767 Acrrproeliurr
565 3703 695 3766 colliditur]
712 3703 849 3755 Novedic·
889 3713 974 3757 tamen
985 3709 1032 3758 boe
1044 3709 1146 3758 imiteri.

328 3780 794 3843 tom,opinor,⁴colliderepraelium!
919 3790 931 3815 ¹¹
957 3783 1070 3832 Priamus
1092 3782 1229 3846 Hectorem]
1264 3781 1339 3830 Solus
1362 3783 1415 3832 boc
1514 3811 1517 3824 ι

359 3851 543 3917 ¹Poiypoetaerr]
566 3853 617 3904 sad
638 3868 696 3903 eum
713 3853 847 3914 Homerm,
888 3854 954 3905 dixit
963 3857 1056 3919 Dares,
1064 3855 1156 3904 utnllir
1166 3855 1281 3904 omnibus
1290 3855 1416 3913 adrema-

327 3927 524 3985 emendantem
536 3929 686 3991 Hectorem,
702 3929 775 3980 diseo
792 3945 847 3980 cer·
888 3937 975 3990 retnr3
993 3931 1036 3994 qul
1049 3930 1154 3980 tradunt
1166 3930 1287 3983 Hectoris
1298 3927 1416 3982 cadauer

327 4002 425 4046 tantem
436 4000 544 4060 inducit,
554 4003 586 4052 ll.
596 4007 626 4051 v.
889 4005 922 4054 ab
933 4004 1033 4056 Achille
1044 4010 1183 4068 repletum.
1193 4007 1241 4054 &c
1267 4004 1338 4054 Vide
1350 4006 1415 4058 uic-

357 4067 365 4100 ¹
385 4069 430 4116 Cui
438 4072 645 4135 tnmeaMemror]
656 4075 707 4124 Sed
715 4075 848 4128 aliiMem·
888 4084 940 4141 tyn.
