3052 4900
326 313 393 380 276
676 313 839 366 nicusus
862 309 1068 362 cnsnsrrsrs
1122 309 1125 316 ’

327 471 409 536 riem
433 465 612 548 navigaret.
656 457 726 526 Sed
743 461 923 542 postquem
948 452 1109 518 devenere
1132 448 1176 515 ed
1196 468 1272 514 eum
1296 449 1421 527 locum,

324 567 495 654 paulisper
516 563 684 630 occultato
709 558 848 644 Ulysse,
872 556 930 622 ubi
955 549 1218 620 'l'elemechuml
1246 571 1318 616 rem
1345 569 1422 635 quae

321 667 508 754 perebetur
533 663 711 740 edocuere,
737 661 870 726 domum
896 655 940 722 ed
966 653 1122 736 Ulyssem
1144 651 1230 717 clem
1257 652 1423 716 veniunt:

329 769 387 832 ubi
401 765 556 832 multo
524 785 603 830 urno
618 769 720 847 etque
733 759 841 846 epulis
862 755 1044 842 repletos'
1029 773 1101 839 Jem
1114 749 1288 838 procos¹'
1277 754 1423 836 regressi

322 867 534 934 interficiunt
595 865 685 930 Dein
721 881 783 946 per
820 860 1006 926 civitatem
1019 855 1177 958 Ulyssem
1206 853 1423 930 adventasse,

327 968 547 1053 popularibus
561 966 730 1050 cognitum
745 966 816 1028 est.
840 959 971 1044 ιιιηιιίις
993 937 1133 1039 benigue
1157 961 1193 1020 et
1212 973 1290 1020 cum
1305 955 1423 1019 levore

328 1075 501 1154 exceptus,
516 1075 637 1135 cuncte
651 1083 727 1151 qum
743 1063 833 1128 domi
854 1067 950 1144 geste
969 1065 1062 1124 erent
1075 1058 1268 1140 cognoscite
1281 1057 1420 1120 meritos

329 1169 427 1234 donis
447 1179 507 1235 eut
530 1168 707 1255 suppliciis
723 1161 844 1232 afficte*
888 1163 942 1228 De
957 1157 1199 1244 Penelope⁶
1168 1177 1309 1242 ejusque
1322 1154 1421 1240 pudi-

322 1271 419 1348 citie,
440 1271 602 1356 prreclsru
623 1271 725 1336 ierne.
770 1266 889 1351 Neque
906 1263 1009 1328 multo
1032 1269 1122 1347 post,
1145 1260 1303 1345 precibus
1316 1267 1420 1341 etque
1447 1265 1456 1278 “

327 1373 461 1438 lrortetu
478 1371 619 1457 Ulyssis,
633 1369 766 1437 Alcinoi
780 1367 850 1434 tilio
866 1361 1247 1432 Nemice¹Telemacho
1270 1360 1420 1424 denubit.

329 1471 393 1538 Per
405 1473 494 1540 idem
507 1483 638 1557 tempus
655 1465 956 1546 idomeneus-dux
969 1469 1093 1541 noster,
1114 1461 1204 1546 upud
1221 1460 1358 1526 Cretam
1373 1461 1421 1523 in·

329 1574 451 1651 teriit‚¹¹¹
466 1572 589 1640 trudito
601 1593 660 1656 per
674 1572 920 1637 successionem
933 1567 1077 1632 Merioni
1086 1585 1186 1648 regno
1198 1571 1228 1630 :¹¹
1241 1567 1274 1628 et
1285 1562 1420 1638 Laerta,

327 1675 467 1740 triennio
491 1680 669 1758 postquem
690 1673 780 1738 filius
809 1670 945 1735 domum
968 1669 1076 1748 rediit,
1104 1666 1204 1733 finem
1227 1667 1303 1732 vitm
1329 1664 1421 1734 sectis

785 1849 966 1872 euonunu

361 1983 376 2036 t
397 1987 490 2053 Delpln
501 1987 643 2052 peiles-tl
660 1985 757 2051 Delph.
769 1985 892 2050 Penelope.

818 2159 927 2214 Nom

328 2289 382 2327 sem
394 2291 409 2326 e
420 2275 572 2328 Plroeecibm
588 2278 614 2326 in
632 2277 748 2329 ltlrsesm
760 2277 854 2328 deduc·
895 2277 954 2338 ime,
963 2275 1005 2326 vel
1016 2273 1199 2336 ctesiphonem
1213 2269 1290 2319 filirm
1302 2269 1400 2321 Circes.

330 2359 395 2414 turn,
405 2349 489 2416 ibique
501 2351 581 2402 solun
592 2353 718 2402 relictum.
729 2351 781 2402 Od.
792 2357 820 2402 τ.
926 2357 944 2384 “
960 2351 1031 2414 Apud
1044 2349 1141 2398 Cretum
1149 2345 1256 2408 interiit]
1279 2345 1420 2396 Homerum

359 2423 372 2456 ¹
391 2424 439 2473 vlt
452 2423 624 2488 Telenselserre]
648 2425 699 2476 Sed
711 2440 744 2475 ex
757 2425 854 2476 nems-
894 2427 1122 2494 sequiturllletys3
1132 2437 1229 2474 nemer
1241 2423 1422 2487 ejusOdysses

327 2499 612 2556 ro.'l¹elemsclrnreret
623 2499 689 2564 epod
706 2501 853 2551 Meneleum
893 2504 1016 2566 colligere
1032 2509 1081 2562 est,
1100 2499 1268 2550 idomeneum
1286 2499 1371 2549 Crete
1384 2499 1421 2547 in.

328 2575 355 2625 ln
371 2574 475 2638 Sponte,
489 2589 546 2624 curu
558 2575 664 2642 Ulysree
679 2573 794 2626 limeum
810 2588 853 2624 ec·
893 2580 1010 2630 terilsse:
1028 2577 1066 2627 rm
1076 2573 1286 2625 Dioder.rr.15.
1318 2571 1421 2622 Idume·

328 2651 416 2700 emil-
891 2665 968 2706 neum
980 2659 1008 2703 et
1019 2651 1249 2701 Merionem‘eum
1258 2648 1366 2696 neribus
1377 2663 1433 2708 rre-⁸

359 2725 367 2760 ¹
382 2725 462 2778 Melle
471 2726 526 2778 eise
537 2733 607 2792 cipere
617 2725 692 2793 epulis
699 2727 854 2793 repleteejese
891 2729 996 2793 negintc
1008 2725 1041 2776 sd
1058 2726 1135 2775 lliurn
1154 2737 1212 2773 cum
1230 2721 1421 2785 Agamemnone

325 2801 421 2864 lm]
438 2803 575 2864 Homerm,
588 2802 678 2856 Ode.
891 2802 1035 2869 proiectos,
1046 2813 1213 2863 reversusque
1230 2805 1322 2860 postes
1338 2797 1422 2862 inpe-

360 2873 372 2907 ¹¹
388 2877 438 2924 Aet
448 2879 568 2938 suppliciis
577 2879 662 2942 efficit]
684 2877 855 2929 Ancillssdu·
891 2879 979 2936 erlem,
989 2877 1058 2927 diem
1071 2889 1143 2924 suum
1156 2873 1261 2933 obiisse,
1270 2871 1421 2922 honoritice-

328 2947 426 2997 odecim
437 2956 465 2998 et
476 2949 653 3001 Meleutlrium.
664 2951 742 3002 Hom.
752 2953 803 3004 Od.
813 2960 845 3006 x.
890 2953 1074 3018 quamplures,
1087 2951 1199 3000 Deorum
1217 2949 1324 2997 honores
1341 2947 1421 2998 fuisse

358 3021 365 3056 ¹
383 3022 500 3090 Nesaee]
512 3023 679 3076 scribendum
688 3040 720 3075 ex
731 3027 854 3084 Homero,
892 3034 1033 3076 essecutcs.
1058 3025 1157 3074 Horum
1169 3023 1422 3087 sepulchreinGno·
1524 3021 1525 3024 ’

328 3099 456 3150 Nesea.
480 3100 854 3166 Euststlriusuuidemrerlbit,
893 3115 923 3153 ro
948 3102 996 3152 hec
1022 3101 1195 3151 ostenduntur
1226 3098 1421 3162 inscriptione:

327 3175 504 3240 Aristotelem,
522 3176 548 3226 le
567 3175 698 3241 republiee
713 3176 854 3228 ltlrecensi·
893 3177 993 3228 (lucsrr
1005 3176 1146 3228 lucernum
1156 3185 1339 3224 senonensem
1348 3187 1421 3224 sser-

328 3251 537 3309 um‚llsllenium
548 3252 686 3303 tradidisse
697 3253 853 3304 Telemacho
894 3267 936 3316 cn,
953 3267 983 3304 ιιι
1003 3266 1061 3308 ouo
1080 3265 1136 3303 suo
1153 3251 1269 3301 Memor
1284 3251 1363 3300 Mons
1375 3252 1420 3300 Fr-

328 3339 361 3375 ex
384 3327 497 3377 Neusies
514 3327 673 3392 Persepolim
692 3329 806 3391 geniture
823 3327 853 3378 fl·
893 3339 951 3378 urus
977 3338 1151 3380 nnoemonns
1177 3327 1275 3378 Jrcso.
1308 3325 1365 3375 Hos
1388 3335 1420 3376 ut
1491 3343 1496 3351 ·

326 3403 388 3452 lium
406 3401 494 3449 fuisse.
526 3401 578 3450 Sed
592 3403 750 3452 idemetlem
761 3403 852 3452 Herio·
892 3404 992 3452 nobiles
1010 3402 1099 3452 herois
1118 3401 1254 3452 Cretenses
1272 3400 1361 3450 colunt
1378 3409 1420 3450 ss'·

327 3476 354 3526 di
367 3476 450 3525 locum
462 3473 548 3535 effert,
567 3475 612 3524 ubl
629 3475 767 3539 Polycaste
779 3477 853 3526 Tele·
893 3479 954 3540 eris,
973 3479 1000 3528 in
1022 3479 1147 3529 bellorum
1165 3477 1313 3527 discrimine
1329 3490 1420 3528 eorum

324 3550 418 3601 mecho
433 3562 497 3598 uxor
508 3549 595 3606 detur,
608 3561 642 3597 err
657 3561 709 3613 que
726 3548 852 3614 Persepo-
892 3553 1214 3616 presidiumiurocuutes.'
1240 3553 1291 3602 Sed
1303 3553 1347 3602 ulii
1358 3553 1419 3602 Ido-

326 3627 372 3676 lis:
395 3623 529 3686 Τηλεμάχῳ
550 3623 571 3672 t’
587 3623 623 3687 ἄρ’
643 3621 735 3672 ἔτικτον
751 3622 852 3686 &feres
893 3641 1011 3678 mensum
1022 3627 1084 3677 subt
1095 3636 1222 3679 mortuum
1234 3629 1333 3678 dicunt.

317 3700 479 3762 diciturenim,
501 3699 621 3766 Nic-repes
638 3697 760 3760 hemetre
779 3700 851 3765 κούρη
921 3710 933 3736 ¹¹
951 3703 1049 3754 Tradite
1066 3719 1110 3768 per
1129 3705 1296 3754 mecerdonem
1311 3699 1420 3754 Merione'

326 3775 472 3836 Νηληϊάδαο,
493 3777 643 3840 Περσέπολιν.
676 3777 850 3828 ‘Telemacho
887 3778 972 3842 reguo]
988 3779 1046 3830 dem
1058 3780 1213 3842 libroprimo
1224 3779 1298 3832 dixit,
1309 3779 1419 3829 cretum

325 3858 410 3900 sutem
425 3851 514 3912 genuit
531 3852 850 3916 pulersPolycrsle,Ner·
889 3851 1029 3903 Idomeneo
1050 3859 1077 3903 et
1100 3852 1208 3902 Merioul
1228 3851 1366 3900 civitatum
1390 3863 1420 3903 et

327 3925 389 3974 teris
410 3925 548 3977 nouissime
563 3927 616 3976 fille
635 3927 763 3988 Neleidre,
787 3925 852 3978 Per
889 3936 1016 3978 terrerum
1035 3929 1168 4018 imperium
1180 3926 1327 3976 tradidisse·
1345 3927 1419 3980 nunc

327 3999 450 4060 sopolim?
500 4000 552 4056 Alii
583 4005 666 4066 ipsum
700 4003 851 4067 Persepolim
884 3999 1042 4054 'Idomeneus
1058 4005 1168 4055 moriens
1183 4003 1263 4054 solum
1283 4003 1417 4055 haeredem

328 4070 469 4134 Penelope
491 4082 519 4122 et
534 4079 634 4138 Ulyssls
651 4075 730 4126 filium
751 4077 852 4139 dicunt,
889 4079 1032 4130 Merionem
1048 4081 1179 4144 relinquit.
1209 4077 1277 4128 vioe
1295 4093 1354 4144 quse
1372 4095 1416 4130 no·

326 4142 556 4208 'l'elemeclrumqus
567 4149 659 4200 Circen
670 4161 777 4202 uxorem
787 4151 852 4203 dux·
883 4152 954 4217 tevi,
964 4152 1062 4202 ed1.l.
